%YAML 1.1
%TAG !u! tag:unity3d.com,2011:
--- !u!1 &4192790958363277704
GameObject:
  m_ObjectHideFlags: 0
  m_CorrespondingSourceObject: {fileID: 0}
  m_PrefabInstance: {fileID: 0}
  m_PrefabAsset: {fileID: 0}
  serializedVersion: 6
  m_Component:
  - component: {fileID: 4192790958363277705}
  m_Layer: 0
  m_Name: Placement Position
  m_TagString: Untagged
  m_Icon: {fileID: 0}
  m_NavMeshLayer: 0
  m_StaticEditorFlags: 0
  m_IsActive: 1
--- !u!4 &4192790958363277705
Transform:
  m_ObjectHideFlags: 0
  m_CorrespondingSourceObject: {fileID: 0}
  m_PrefabInstance: {fileID: 0}
  m_PrefabAsset: {fileID: 0}
  m_GameObject: {fileID: 4192790958363277704}
  m_LocalRotation: {x: 0, y: 0, z: 0, w: 1}
  m_LocalPosition: {x: 0, y: 0, z: 0}
  m_LocalScale: {x: 1, y: 1, z: 1}
  m_Children: []
  m_Father: {fileID: 4192790959061917535}
  m_RootOrder: 0
  m_LocalEulerAnglesHint: {x: 0, y: 0, z: 0}
--- !u!1 &4192790959061917533
GameObject:
  m_ObjectHideFlags: 0
  m_CorrespondingSourceObject: {fileID: 0}
  m_PrefabInstance: {fileID: 0}
  m_PrefabAsset: {fileID: 0}
  serializedVersion: 6
  m_Component:
  - component: {fileID: 4192790959061917535}
  - component: {fileID: 4192790959061917534}
  - component: {fileID: 4192790959061917521}
  - component: {fileID: 4192790959061917520}
  m_Layer: 0
  m_Name: Placement Grid
  m_TagString: Untagged
  m_Icon: {fileID: 0}
  m_NavMeshLayer: 0
  m_StaticEditorFlags: 0
  m_IsActive: 1
--- !u!4 &4192790959061917535
Transform:
  m_ObjectHideFlags: 0
  m_CorrespondingSourceObject: {fileID: 0}
  m_PrefabInstance: {fileID: 0}
  m_PrefabAsset: {fileID: 0}
  m_GameObject: {fileID: 4192790959061917533}
  m_LocalRotation: {x: 0, y: 0, z: 0, w: 1}
  m_LocalPosition: {x: -54.014, y: 0.322, z: -19.37}
  m_LocalScale: {x: 3, y: 3, z: 3}
  m_Children:
  - {fileID: 4192790958363277705}
  - {fileID: 6462592752714027469}
  - {fileID: 271852656891781261}
  - {fileID: 2836576124815807512}
  - {fileID: 5878204871381626923}
  - {fileID: 7355050827600264959}
  - {fileID: 1697520607034343294}
  - {fileID: 7974174169820160695}
  - {fileID: 7369648313474675346}
  - {fileID: 7163021163437504120}
  - {fileID: 4549069980602612012}
  - {fileID: 2904005178803380454}
  - {fileID: 5894562048180320652}
  - {fileID: 7669916711091389271}
  - {fileID: 3991973105064130857}
  - {fileID: 8397660911989332245}
  m_Father: {fileID: 0}
  m_RootOrder: 0
  m_LocalEulerAnglesHint: {x: 0, y: 0, z: 0}
--- !u!114 &4192790959061917534
MonoBehaviour:
  m_ObjectHideFlags: 0
  m_CorrespondingSourceObject: {fileID: 0}
  m_PrefabInstance: {fileID: 0}
  m_PrefabAsset: {fileID: 0}
  m_GameObject: {fileID: 4192790959061917533}
  m_Enabled: 1
  m_EditorHideFlags: 0
  m_Script: {fileID: 11500000, guid: f62142f275b9a6942ad6a2c6e050ffec, type: 3}
  m_Name: 
  m_EditorClassIdentifier: 
  placementPosition: {fileID: 4192790958363277705}
  defaultColor: {r: 0.29803923, g: 0.69411767, b: 1, a: 1}
  eligibleColor: {r: 1, g: 0.74509805, b: 0.29803923, a: 1}
  occupiedColor: {r: 1, g: 0.29803923, b: 0.40784314, a: 1}
  gridBreakForce: 10
  gridBreakTorque: 10
  slotsList: []
  itemsOnGrid: []
  PlayerID: 0
--- !u!65 &4192790959061917521
BoxCollider:
  m_ObjectHideFlags: 0
  m_CorrespondingSourceObject: {fileID: 0}
  m_PrefabInstance: {fileID: 0}
  m_PrefabAsset: {fileID: 0}
  m_GameObject: {fileID: 4192790959061917533}
  m_Material: {fileID: 0}
  m_IsTrigger: 1
  m_Enabled: 1
  serializedVersion: 2
  m_Size: {x: 0.69102097, y: 0.21787107, z: 1.102993}
  m_Center: {x: 0.19902611, y: 0.007490933, z: 0.3994465}
--- !u!54 &4192790959061917520
Rigidbody:
  m_ObjectHideFlags: 0
  m_CorrespondingSourceObject: {fileID: 0}
  m_PrefabInstance: {fileID: 0}
  m_PrefabAsset: {fileID: 0}
  m_GameObject: {fileID: 4192790959061917533}
  serializedVersion: 2
  m_Mass: 1
  m_Drag: 0
  m_AngularDrag: 0.05
  m_UseGravity: 1
  m_IsKinematic: 1
  m_Interpolate: 0
  m_Constraints: 0
  m_CollisionDetection: 0
--- !u!1001 &448761672619498108
PrefabInstance:
  m_ObjectHideFlags: 0
  serializedVersion: 2
  m_Modification:
    m_TransformParent: {fileID: 4192790959061917535}
    m_Modifications:
    - target: {fileID: 4186047870845719168, guid: 621a01a7a4123ea4a9135f82289ce85a,
        type: 3}
      propertyPath: m_Name
      value: Placement Grid Slot (12)
      objectReference: {fileID: 0}
    - target: {fileID: 6338784240334988272, guid: 621a01a7a4123ea4a9135f82289ce85a,
        type: 3}
      propertyPath: m_RootOrder
      value: 12
      objectReference: {fileID: 0}
    - target: {fileID: 6338784240334988272, guid: 621a01a7a4123ea4a9135f82289ce85a,
        type: 3}
      propertyPath: m_LocalPosition.x
      value: 0.4
      objectReference: {fileID: 0}
    - target: {fileID: 6338784240334988272, guid: 621a01a7a4123ea4a9135f82289ce85a,
        type: 3}
      propertyPath: m_LocalPosition.y
      value: 0
      objectReference: {fileID: 0}
    - target: {fileID: 6338784240334988272, guid: 621a01a7a4123ea4a9135f82289ce85a,
        type: 3}
      propertyPath: m_LocalPosition.z
      value: 0.2
      objectReference: {fileID: 0}
    - target: {fileID: 6338784240334988272, guid: 621a01a7a4123ea4a9135f82289ce85a,
        type: 3}
      propertyPath: m_LocalRotation.w
      value: 1
      objectReference: {fileID: 0}
    - target: {fileID: 6338784240334988272, guid: 621a01a7a4123ea4a9135f82289ce85a,
        type: 3}
      propertyPath: m_LocalRotation.x
      value: 0
      objectReference: {fileID: 0}
    - target: {fileID: 6338784240334988272, guid: 621a01a7a4123ea4a9135f82289ce85a,
        type: 3}
      propertyPath: m_LocalRotation.y
      value: 0
      objectReference: {fileID: 0}
    - target: {fileID: 6338784240334988272, guid: 621a01a7a4123ea4a9135f82289ce85a,
        type: 3}
      propertyPath: m_LocalRotation.z
      value: 0
      objectReference: {fileID: 0}
    - target: {fileID: 6338784240334988272, guid: 621a01a7a4123ea4a9135f82289ce85a,
        type: 3}
      propertyPath: m_LocalEulerAnglesHint.x
      value: 0
      objectReference: {fileID: 0}
    - target: {fileID: 6338784240334988272, guid: 621a01a7a4123ea4a9135f82289ce85a,
        type: 3}
      propertyPath: m_LocalEulerAnglesHint.y
      value: 0
      objectReference: {fileID: 0}
    - target: {fileID: 6338784240334988272, guid: 621a01a7a4123ea4a9135f82289ce85a,
        type: 3}
      propertyPath: m_LocalEulerAnglesHint.z
      value: 0
      objectReference: {fileID: 0}
    m_RemovedComponents: []
  m_SourcePrefab: {fileID: 100100000, guid: 621a01a7a4123ea4a9135f82289ce85a, type: 3}
--- !u!4 &5894562048180320652 stripped
Transform:
  m_CorrespondingSourceObject: {fileID: 6338784240334988272, guid: 621a01a7a4123ea4a9135f82289ce85a,
    type: 3}
  m_PrefabInstance: {fileID: 448761672619498108}
  m_PrefabAsset: {fileID: 0}
--- !u!1001 &460623358634939355
PrefabInstance:
  m_ObjectHideFlags: 0
  serializedVersion: 2
  m_Modification:
    m_TransformParent: {fileID: 4192790959061917535}
    m_Modifications:
    - target: {fileID: 4186047870845719168, guid: 621a01a7a4123ea4a9135f82289ce85a,
        type: 3}
      propertyPath: m_Name
      value: Placement Grid Slot (4)
      objectReference: {fileID: 0}
    - target: {fileID: 6338784240334988272, guid: 621a01a7a4123ea4a9135f82289ce85a,
        type: 3}
      propertyPath: m_RootOrder
      value: 4
      objectReference: {fileID: 0}
    - target: {fileID: 6338784240334988272, guid: 621a01a7a4123ea4a9135f82289ce85a,
        type: 3}
      propertyPath: m_LocalPosition.x
      value: 0
      objectReference: {fileID: 0}
    - target: {fileID: 6338784240334988272, guid: 621a01a7a4123ea4a9135f82289ce85a,
        type: 3}
      propertyPath: m_LocalPosition.y
      value: 0
      objectReference: {fileID: 0}
    - target: {fileID: 6338784240334988272, guid: 621a01a7a4123ea4a9135f82289ce85a,
        type: 3}
      propertyPath: m_LocalPosition.z
      value: 0.6
      objectReference: {fileID: 0}
    - target: {fileID: 6338784240334988272, guid: 621a01a7a4123ea4a9135f82289ce85a,
        type: 3}
      propertyPath: m_LocalRotation.w
      value: 1
      objectReference: {fileID: 0}
    - target: {fileID: 6338784240334988272, guid: 621a01a7a4123ea4a9135f82289ce85a,
        type: 3}
      propertyPath: m_LocalRotation.x
      value: 0
      objectReference: {fileID: 0}
    - target: {fileID: 6338784240334988272, guid: 621a01a7a4123ea4a9135f82289ce85a,
        type: 3}
      propertyPath: m_LocalRotation.y
      value: 0
      objectReference: {fileID: 0}
    - target: {fileID: 6338784240334988272, guid: 621a01a7a4123ea4a9135f82289ce85a,
        type: 3}
      propertyPath: m_LocalRotation.z
      value: 0
      objectReference: {fileID: 0}
    - target: {fileID: 6338784240334988272, guid: 621a01a7a4123ea4a9135f82289ce85a,
        type: 3}
      propertyPath: m_LocalEulerAnglesHint.x
      value: 0
      objectReference: {fileID: 0}
    - target: {fileID: 6338784240334988272, guid: 621a01a7a4123ea4a9135f82289ce85a,
        type: 3}
      propertyPath: m_LocalEulerAnglesHint.y
      value: 0
      objectReference: {fileID: 0}
    - target: {fileID: 6338784240334988272, guid: 621a01a7a4123ea4a9135f82289ce85a,
        type: 3}
      propertyPath: m_LocalEulerAnglesHint.z
      value: 0
      objectReference: {fileID: 0}
    m_RemovedComponents: []
  m_SourcePrefab: {fileID: 100100000, guid: 621a01a7a4123ea4a9135f82289ce85a, type: 3}
--- !u!4 &5878204871381626923 stripped
Transform:
  m_CorrespondingSourceObject: {fileID: 6338784240334988272, guid: 621a01a7a4123ea4a9135f82289ce85a,
    type: 3}
  m_PrefabInstance: {fileID: 460623358634939355}
  m_PrefabAsset: {fileID: 0}
--- !u!1001 &1033681052889674301
PrefabInstance:
  m_ObjectHideFlags: 0
  serializedVersion: 2
  m_Modification:
    m_TransformParent: {fileID: 4192790959061917535}
    m_Modifications:
    - target: {fileID: 4186047870845719168, guid: 621a01a7a4123ea4a9135f82289ce85a,
        type: 3}
      propertyPath: m_Name
      value: Placement Grid Slot (1)
      objectReference: {fileID: 0}
    - target: {fileID: 6338784240334988272, guid: 621a01a7a4123ea4a9135f82289ce85a,
        type: 3}
      propertyPath: m_RootOrder
      value: 1
      objectReference: {fileID: 0}
    - target: {fileID: 6338784240334988272, guid: 621a01a7a4123ea4a9135f82289ce85a,
        type: 3}
      propertyPath: m_LocalPosition.x
      value: 0
      objectReference: {fileID: 0}
    - target: {fileID: 6338784240334988272, guid: 621a01a7a4123ea4a9135f82289ce85a,
        type: 3}
      propertyPath: m_LocalPosition.y
      value: 0
      objectReference: {fileID: 0}
    - target: {fileID: 6338784240334988272, guid: 621a01a7a4123ea4a9135f82289ce85a,
        type: 3}
      propertyPath: m_LocalPosition.z
      value: 0
      objectReference: {fileID: 0}
    - target: {fileID: 6338784240334988272, guid: 621a01a7a4123ea4a9135f82289ce85a,
        type: 3}
      propertyPath: m_LocalRotation.w
      value: 1
      objectReference: {fileID: 0}
    - target: {fileID: 6338784240334988272, guid: 621a01a7a4123ea4a9135f82289ce85a,
        type: 3}
      propertyPath: m_LocalRotation.x
      value: 0
      objectReference: {fileID: 0}
    - target: {fileID: 6338784240334988272, guid: 621a01a7a4123ea4a9135f82289ce85a,
        type: 3}
      propertyPath: m_LocalRotation.y
      value: 0
      objectReference: {fileID: 0}
    - target: {fileID: 6338784240334988272, guid: 621a01a7a4123ea4a9135f82289ce85a,
        type: 3}
      propertyPath: m_LocalRotation.z
      value: 0
      objectReference: {fileID: 0}
    - target: {fileID: 6338784240334988272, guid: 621a01a7a4123ea4a9135f82289ce85a,
        type: 3}
      propertyPath: m_LocalEulerAnglesHint.x
      value: 0
      objectReference: {fileID: 0}
    - target: {fileID: 6338784240334988272, guid: 621a01a7a4123ea4a9135f82289ce85a,
        type: 3}
      propertyPath: m_LocalEulerAnglesHint.y
      value: 0
      objectReference: {fileID: 0}
    - target: {fileID: 6338784240334988272, guid: 621a01a7a4123ea4a9135f82289ce85a,
        type: 3}
      propertyPath: m_LocalEulerAnglesHint.z
      value: 0
      objectReference: {fileID: 0}
    m_RemovedComponents: []
  m_SourcePrefab: {fileID: 100100000, guid: 621a01a7a4123ea4a9135f82289ce85a, type: 3}
--- !u!4 &6462592752714027469 stripped
Transform:
  m_CorrespondingSourceObject: {fileID: 6338784240334988272, guid: 621a01a7a4123ea4a9135f82289ce85a,
    type: 3}
  m_PrefabInstance: {fileID: 1033681052889674301}
  m_PrefabAsset: {fileID: 0}
--- !u!1001 &2557374667841895141
PrefabInstance:
  m_ObjectHideFlags: 0
  serializedVersion: 2
  m_Modification:
    m_TransformParent: {fileID: 4192790959061917535}
    m_Modifications:
    - target: {fileID: 4186047870845719168, guid: 621a01a7a4123ea4a9135f82289ce85a,
        type: 3}
      propertyPath: m_Name
      value: Placement Grid Slot (15)
      objectReference: {fileID: 0}
    - target: {fileID: 6338784240334988272, guid: 621a01a7a4123ea4a9135f82289ce85a,
        type: 3}
      propertyPath: m_RootOrder
      value: 15
      objectReference: {fileID: 0}
    - target: {fileID: 6338784240334988272, guid: 621a01a7a4123ea4a9135f82289ce85a,
        type: 3}
      propertyPath: m_LocalPosition.x
      value: 0.4
      objectReference: {fileID: 0}
    - target: {fileID: 6338784240334988272, guid: 621a01a7a4123ea4a9135f82289ce85a,
        type: 3}
      propertyPath: m_LocalPosition.y
      value: 0
      objectReference: {fileID: 0}
    - target: {fileID: 6338784240334988272, guid: 621a01a7a4123ea4a9135f82289ce85a,
        type: 3}
      propertyPath: m_LocalPosition.z
      value: 0.8
      objectReference: {fileID: 0}
    - target: {fileID: 6338784240334988272, guid: 621a01a7a4123ea4a9135f82289ce85a,
        type: 3}
      propertyPath: m_LocalRotation.w
      value: 1
      objectReference: {fileID: 0}
    - target: {fileID: 6338784240334988272, guid: 621a01a7a4123ea4a9135f82289ce85a,
        type: 3}
      propertyPath: m_LocalRotation.x
      value: 0
      objectReference: {fileID: 0}
    - target: {fileID: 6338784240334988272, guid: 621a01a7a4123ea4a9135f82289ce85a,
        type: 3}
      propertyPath: m_LocalRotation.y
      value: 0
      objectReference: {fileID: 0}
    - target: {fileID: 6338784240334988272, guid: 621a01a7a4123ea4a9135f82289ce85a,
        type: 3}
      propertyPath: m_LocalRotation.z
      value: 0
      objectReference: {fileID: 0}
    - target: {fileID: 6338784240334988272, guid: 621a01a7a4123ea4a9135f82289ce85a,
        type: 3}
      propertyPath: m_LocalEulerAnglesHint.x
      value: 0
      objectReference: {fileID: 0}
    - target: {fileID: 6338784240334988272, guid: 621a01a7a4123ea4a9135f82289ce85a,
        type: 3}
      propertyPath: m_LocalEulerAnglesHint.y
      value: 0
      objectReference: {fileID: 0}
    - target: {fileID: 6338784240334988272, guid: 621a01a7a4123ea4a9135f82289ce85a,
        type: 3}
      propertyPath: m_LocalEulerAnglesHint.z
      value: 0
      objectReference: {fileID: 0}
    m_RemovedComponents: []
  m_SourcePrefab: {fileID: 100100000, guid: 621a01a7a4123ea4a9135f82289ce85a, type: 3}
--- !u!4 &8397660911989332245 stripped
Transform:
  m_CorrespondingSourceObject: {fileID: 6338784240334988272, guid: 621a01a7a4123ea4a9135f82289ce85a,
    type: 3}
  m_PrefabInstance: {fileID: 2557374667841895141}
  m_PrefabAsset: {fileID: 0}
--- !u!1001 &3580822085552050530
PrefabInstance:
  m_ObjectHideFlags: 0
  serializedVersion: 2
  m_Modification:
    m_TransformParent: {fileID: 4192790959061917535}
    m_Modifications:
    - target: {fileID: 4186047870845719168, guid: 621a01a7a4123ea4a9135f82289ce85a,
        type: 3}
      propertyPath: m_Name
      value: Placement Grid Slot (8)
      objectReference: {fileID: 0}
    - target: {fileID: 6338784240334988272, guid: 621a01a7a4123ea4a9135f82289ce85a,
        type: 3}
      propertyPath: m_RootOrder
      value: 8
      objectReference: {fileID: 0}
    - target: {fileID: 6338784240334988272, guid: 621a01a7a4123ea4a9135f82289ce85a,
        type: 3}
      propertyPath: m_LocalPosition.x
      value: 0.2
      objectReference: {fileID: 0}
    - target: {fileID: 6338784240334988272, guid: 621a01a7a4123ea4a9135f82289ce85a,
        type: 3}
      propertyPath: m_LocalPosition.y
      value: 0
      objectReference: {fileID: 0}
    - target: {fileID: 6338784240334988272, guid: 621a01a7a4123ea4a9135f82289ce85a,
        type: 3}
      propertyPath: m_LocalPosition.z
      value: 0.4
      objectReference: {fileID: 0}
    - target: {fileID: 6338784240334988272, guid: 621a01a7a4123ea4a9135f82289ce85a,
        type: 3}
      propertyPath: m_LocalRotation.w
      value: 1
      objectReference: {fileID: 0}
    - target: {fileID: 6338784240334988272, guid: 621a01a7a4123ea4a9135f82289ce85a,
        type: 3}
      propertyPath: m_LocalRotation.x
      value: 0
      objectReference: {fileID: 0}
    - target: {fileID: 6338784240334988272, guid: 621a01a7a4123ea4a9135f82289ce85a,
        type: 3}
      propertyPath: m_LocalRotation.y
      value: 0
      objectReference: {fileID: 0}
    - target: {fileID: 6338784240334988272, guid: 621a01a7a4123ea4a9135f82289ce85a,
        type: 3}
      propertyPath: m_LocalRotation.z
      value: 0
      objectReference: {fileID: 0}
    - target: {fileID: 6338784240334988272, guid: 621a01a7a4123ea4a9135f82289ce85a,
        type: 3}
      propertyPath: m_LocalEulerAnglesHint.x
      value: 0
      objectReference: {fileID: 0}
    - target: {fileID: 6338784240334988272, guid: 621a01a7a4123ea4a9135f82289ce85a,
        type: 3}
      propertyPath: m_LocalEulerAnglesHint.y
      value: 0
      objectReference: {fileID: 0}
    - target: {fileID: 6338784240334988272, guid: 621a01a7a4123ea4a9135f82289ce85a,
        type: 3}
      propertyPath: m_LocalEulerAnglesHint.z
      value: 0
      objectReference: {fileID: 0}
    m_RemovedComponents: []
  m_SourcePrefab: {fileID: 100100000, guid: 621a01a7a4123ea4a9135f82289ce85a, type: 3}
--- !u!4 &7369648313474675346 stripped
Transform:
  m_CorrespondingSourceObject: {fileID: 6338784240334988272, guid: 621a01a7a4123ea4a9135f82289ce85a,
    type: 3}
  m_PrefabInstance: {fileID: 3580822085552050530}
  m_PrefabAsset: {fileID: 0}
--- !u!1001 &3595422182224469263
PrefabInstance:
  m_ObjectHideFlags: 0
  serializedVersion: 2
  m_Modification:
    m_TransformParent: {fileID: 4192790959061917535}
    m_Modifications:
    - target: {fileID: 4186047870845719168, guid: 621a01a7a4123ea4a9135f82289ce85a,
        type: 3}
      propertyPath: m_Name
      value: Placement Grid Slot (5)
      objectReference: {fileID: 0}
    - target: {fileID: 6338784240334988272, guid: 621a01a7a4123ea4a9135f82289ce85a,
        type: 3}
      propertyPath: m_RootOrder
      value: 5
      objectReference: {fileID: 0}
    - target: {fileID: 6338784240334988272, guid: 621a01a7a4123ea4a9135f82289ce85a,
        type: 3}
      propertyPath: m_LocalPosition.x
      value: 0
      objectReference: {fileID: 0}
    - target: {fileID: 6338784240334988272, guid: 621a01a7a4123ea4a9135f82289ce85a,
        type: 3}
      propertyPath: m_LocalPosition.y
      value: 0
      objectReference: {fileID: 0}
    - target: {fileID: 6338784240334988272, guid: 621a01a7a4123ea4a9135f82289ce85a,
        type: 3}
      propertyPath: m_LocalPosition.z
      value: 0.8
      objectReference: {fileID: 0}
    - target: {fileID: 6338784240334988272, guid: 621a01a7a4123ea4a9135f82289ce85a,
        type: 3}
      propertyPath: m_LocalRotation.w
      value: 1
      objectReference: {fileID: 0}
    - target: {fileID: 6338784240334988272, guid: 621a01a7a4123ea4a9135f82289ce85a,
        type: 3}
      propertyPath: m_LocalRotation.x
      value: 0
      objectReference: {fileID: 0}
    - target: {fileID: 6338784240334988272, guid: 621a01a7a4123ea4a9135f82289ce85a,
        type: 3}
      propertyPath: m_LocalRotation.y
      value: 0
      objectReference: {fileID: 0}
    - target: {fileID: 6338784240334988272, guid: 621a01a7a4123ea4a9135f82289ce85a,
        type: 3}
      propertyPath: m_LocalRotation.z
      value: 0
      objectReference: {fileID: 0}
    - target: {fileID: 6338784240334988272, guid: 621a01a7a4123ea4a9135f82289ce85a,
        type: 3}
      propertyPath: m_LocalEulerAnglesHint.x
      value: 0
      objectReference: {fileID: 0}
    - target: {fileID: 6338784240334988272, guid: 621a01a7a4123ea4a9135f82289ce85a,
        type: 3}
      propertyPath: m_LocalEulerAnglesHint.y
      value: 0
      objectReference: {fileID: 0}
    - target: {fileID: 6338784240334988272, guid: 621a01a7a4123ea4a9135f82289ce85a,
        type: 3}
      propertyPath: m_LocalEulerAnglesHint.z
      value: 0
      objectReference: {fileID: 0}
    m_RemovedComponents: []
  m_SourcePrefab: {fileID: 100100000, guid: 621a01a7a4123ea4a9135f82289ce85a, type: 3}
--- !u!4 &7355050827600264959 stripped
Transform:
  m_CorrespondingSourceObject: {fileID: 6338784240334988272, guid: 621a01a7a4123ea4a9135f82289ce85a,
    type: 3}
  m_PrefabInstance: {fileID: 3595422182224469263}
  m_PrefabAsset: {fileID: 0}
--- !u!1001 &3791973047335835016
PrefabInstance:
  m_ObjectHideFlags: 0
  serializedVersion: 2
  m_Modification:
    m_TransformParent: {fileID: 4192790959061917535}
    m_Modifications:
    - target: {fileID: 4186047870845719168, guid: 621a01a7a4123ea4a9135f82289ce85a,
        type: 3}
      propertyPath: m_Name
      value: Placement Grid Slot (9)
      objectReference: {fileID: 0}
    - target: {fileID: 6338784240334988272, guid: 621a01a7a4123ea4a9135f82289ce85a,
        type: 3}
      propertyPath: m_RootOrder
      value: 9
      objectReference: {fileID: 0}
    - target: {fileID: 6338784240334988272, guid: 621a01a7a4123ea4a9135f82289ce85a,
        type: 3}
      propertyPath: m_LocalPosition.x
      value: 0.2
      objectReference: {fileID: 0}
    - target: {fileID: 6338784240334988272, guid: 621a01a7a4123ea4a9135f82289ce85a,
        type: 3}
      propertyPath: m_LocalPosition.y
      value: 0
      objectReference: {fileID: 0}
    - target: {fileID: 6338784240334988272, guid: 621a01a7a4123ea4a9135f82289ce85a,
        type: 3}
      propertyPath: m_LocalPosition.z
      value: 0.6
      objectReference: {fileID: 0}
    - target: {fileID: 6338784240334988272, guid: 621a01a7a4123ea4a9135f82289ce85a,
        type: 3}
      propertyPath: m_LocalRotation.w
      value: 1
      objectReference: {fileID: 0}
    - target: {fileID: 6338784240334988272, guid: 621a01a7a4123ea4a9135f82289ce85a,
        type: 3}
      propertyPath: m_LocalRotation.x
      value: 0
      objectReference: {fileID: 0}
    - target: {fileID: 6338784240334988272, guid: 621a01a7a4123ea4a9135f82289ce85a,
        type: 3}
      propertyPath: m_LocalRotation.y
      value: 0
      objectReference: {fileID: 0}
    - target: {fileID: 6338784240334988272, guid: 621a01a7a4123ea4a9135f82289ce85a,
        type: 3}
      propertyPath: m_LocalRotation.z
      value: 0
      objectReference: {fileID: 0}
    - target: {fileID: 6338784240334988272, guid: 621a01a7a4123ea4a9135f82289ce85a,
        type: 3}
      propertyPath: m_LocalEulerAnglesHint.x
      value: 0
      objectReference: {fileID: 0}
    - target: {fileID: 6338784240334988272, guid: 621a01a7a4123ea4a9135f82289ce85a,
        type: 3}
      propertyPath: m_LocalEulerAnglesHint.y
      value: 0
      objectReference: {fileID: 0}
    - target: {fileID: 6338784240334988272, guid: 621a01a7a4123ea4a9135f82289ce85a,
        type: 3}
      propertyPath: m_LocalEulerAnglesHint.z
      value: 0
      objectReference: {fileID: 0}
    m_RemovedComponents: []
  m_SourcePrefab: {fileID: 100100000, guid: 621a01a7a4123ea4a9135f82289ce85a, type: 3}
--- !u!4 &7163021163437504120 stripped
Transform:
  m_CorrespondingSourceObject: {fileID: 6338784240334988272, guid: 621a01a7a4123ea4a9135f82289ce85a,
    type: 3}
  m_PrefabInstance: {fileID: 3791973047335835016}
  m_PrefabAsset: {fileID: 0}
--- !u!1001 &4133767373209141575
PrefabInstance:
  m_ObjectHideFlags: 0
  serializedVersion: 2
  m_Modification:
    m_TransformParent: {fileID: 4192790959061917535}
    m_Modifications:
    - target: {fileID: 4186047870845719168, guid: 621a01a7a4123ea4a9135f82289ce85a,
        type: 3}
      propertyPath: m_Name
      value: Placement Grid Slot (7)
      objectReference: {fileID: 0}
    - target: {fileID: 6338784240334988272, guid: 621a01a7a4123ea4a9135f82289ce85a,
        type: 3}
      propertyPath: m_RootOrder
      value: 7
      objectReference: {fileID: 0}
    - target: {fileID: 6338784240334988272, guid: 621a01a7a4123ea4a9135f82289ce85a,
        type: 3}
      propertyPath: m_LocalPosition.x
      value: 0.2
      objectReference: {fileID: 0}
    - target: {fileID: 6338784240334988272, guid: 621a01a7a4123ea4a9135f82289ce85a,
        type: 3}
      propertyPath: m_LocalPosition.y
      value: 0
      objectReference: {fileID: 0}
    - target: {fileID: 6338784240334988272, guid: 621a01a7a4123ea4a9135f82289ce85a,
        type: 3}
      propertyPath: m_LocalPosition.z
      value: 0.2
      objectReference: {fileID: 0}
    - target: {fileID: 6338784240334988272, guid: 621a01a7a4123ea4a9135f82289ce85a,
        type: 3}
      propertyPath: m_LocalRotation.w
      value: 1
      objectReference: {fileID: 0}
    - target: {fileID: 6338784240334988272, guid: 621a01a7a4123ea4a9135f82289ce85a,
        type: 3}
      propertyPath: m_LocalRotation.x
      value: 0
      objectReference: {fileID: 0}
    - target: {fileID: 6338784240334988272, guid: 621a01a7a4123ea4a9135f82289ce85a,
        type: 3}
      propertyPath: m_LocalRotation.y
      value: 0
      objectReference: {fileID: 0}
    - target: {fileID: 6338784240334988272, guid: 621a01a7a4123ea4a9135f82289ce85a,
        type: 3}
      propertyPath: m_LocalRotation.z
      value: 0
      objectReference: {fileID: 0}
    - target: {fileID: 6338784240334988272, guid: 621a01a7a4123ea4a9135f82289ce85a,
        type: 3}
      propertyPath: m_LocalEulerAnglesHint.x
      value: 0
      objectReference: {fileID: 0}
    - target: {fileID: 6338784240334988272, guid: 621a01a7a4123ea4a9135f82289ce85a,
        type: 3}
      propertyPath: m_LocalEulerAnglesHint.y
      value: 0
      objectReference: {fileID: 0}
    - target: {fileID: 6338784240334988272, guid: 621a01a7a4123ea4a9135f82289ce85a,
        type: 3}
      propertyPath: m_LocalEulerAnglesHint.z
      value: 0
      objectReference: {fileID: 0}
    m_RemovedComponents: []
  m_SourcePrefab: {fileID: 100100000, guid: 621a01a7a4123ea4a9135f82289ce85a, type: 3}
--- !u!4 &7974174169820160695 stripped
Transform:
  m_CorrespondingSourceObject: {fileID: 6338784240334988272, guid: 621a01a7a4123ea4a9135f82289ce85a,
    type: 3}
  m_PrefabInstance: {fileID: 4133767373209141575}
  m_PrefabAsset: {fileID: 0}
--- !u!1001 &4433483986495185063
PrefabInstance:
  m_ObjectHideFlags: 0
  serializedVersion: 2
  m_Modification:
    m_TransformParent: {fileID: 4192790959061917535}
    m_Modifications:
    - target: {fileID: 4186047870845719168, guid: 621a01a7a4123ea4a9135f82289ce85a,
        type: 3}
      propertyPath: m_Name
      value: Placement Grid Slot (13)
      objectReference: {fileID: 0}
    - target: {fileID: 6338784240334988272, guid: 621a01a7a4123ea4a9135f82289ce85a,
        type: 3}
      propertyPath: m_RootOrder
      value: 13
      objectReference: {fileID: 0}
    - target: {fileID: 6338784240334988272, guid: 621a01a7a4123ea4a9135f82289ce85a,
        type: 3}
      propertyPath: m_LocalPosition.x
      value: 0.4
      objectReference: {fileID: 0}
    - target: {fileID: 6338784240334988272, guid: 621a01a7a4123ea4a9135f82289ce85a,
        type: 3}
      propertyPath: m_LocalPosition.y
      value: 0
      objectReference: {fileID: 0}
    - target: {fileID: 6338784240334988272, guid: 621a01a7a4123ea4a9135f82289ce85a,
        type: 3}
      propertyPath: m_LocalPosition.z
      value: 0.4
      objectReference: {fileID: 0}
    - target: {fileID: 6338784240334988272, guid: 621a01a7a4123ea4a9135f82289ce85a,
        type: 3}
      propertyPath: m_LocalRotation.w
      value: 1
      objectReference: {fileID: 0}
    - target: {fileID: 6338784240334988272, guid: 621a01a7a4123ea4a9135f82289ce85a,
        type: 3}
      propertyPath: m_LocalRotation.x
      value: 0
      objectReference: {fileID: 0}
    - target: {fileID: 6338784240334988272, guid: 621a01a7a4123ea4a9135f82289ce85a,
        type: 3}
      propertyPath: m_LocalRotation.y
      value: 0
      objectReference: {fileID: 0}
    - target: {fileID: 6338784240334988272, guid: 621a01a7a4123ea4a9135f82289ce85a,
        type: 3}
      propertyPath: m_LocalRotation.z
      value: 0
      objectReference: {fileID: 0}
    - target: {fileID: 6338784240334988272, guid: 621a01a7a4123ea4a9135f82289ce85a,
        type: 3}
      propertyPath: m_LocalEulerAnglesHint.x
      value: 0
      objectReference: {fileID: 0}
    - target: {fileID: 6338784240334988272, guid: 621a01a7a4123ea4a9135f82289ce85a,
        type: 3}
      propertyPath: m_LocalEulerAnglesHint.y
      value: 0
      objectReference: {fileID: 0}
    - target: {fileID: 6338784240334988272, guid: 621a01a7a4123ea4a9135f82289ce85a,
        type: 3}
      propertyPath: m_LocalEulerAnglesHint.z
      value: 0
      objectReference: {fileID: 0}
    m_RemovedComponents: []
  m_SourcePrefab: {fileID: 100100000, guid: 621a01a7a4123ea4a9135f82289ce85a, type: 3}
--- !u!4 &7669916711091389271 stripped
Transform:
  m_CorrespondingSourceObject: {fileID: 6338784240334988272, guid: 621a01a7a4123ea4a9135f82289ce85a,
    type: 3}
  m_PrefabInstance: {fileID: 4433483986495185063}
  m_PrefabAsset: {fileID: 0}
--- !u!1001 &4645796516155169934
PrefabInstance:
  m_ObjectHideFlags: 0
  serializedVersion: 2
  m_Modification:
    m_TransformParent: {fileID: 4192790959061917535}
    m_Modifications:
    - target: {fileID: 4186047870845719168, guid: 621a01a7a4123ea4a9135f82289ce85a,
        type: 3}
      propertyPath: m_Name
      value: Placement Grid Slot (6)
      objectReference: {fileID: 0}
    - target: {fileID: 6338784240334988272, guid: 621a01a7a4123ea4a9135f82289ce85a,
        type: 3}
      propertyPath: m_RootOrder
      value: 6
      objectReference: {fileID: 0}
    - target: {fileID: 6338784240334988272, guid: 621a01a7a4123ea4a9135f82289ce85a,
        type: 3}
      propertyPath: m_LocalPosition.x
      value: 0.2
      objectReference: {fileID: 0}
    - target: {fileID: 6338784240334988272, guid: 621a01a7a4123ea4a9135f82289ce85a,
        type: 3}
      propertyPath: m_LocalPosition.y
      value: 0
      objectReference: {fileID: 0}
    - target: {fileID: 6338784240334988272, guid: 621a01a7a4123ea4a9135f82289ce85a,
        type: 3}
      propertyPath: m_LocalPosition.z
      value: 0
      objectReference: {fileID: 0}
    - target: {fileID: 6338784240334988272, guid: 621a01a7a4123ea4a9135f82289ce85a,
        type: 3}
      propertyPath: m_LocalRotation.w
      value: 1
      objectReference: {fileID: 0}
    - target: {fileID: 6338784240334988272, guid: 621a01a7a4123ea4a9135f82289ce85a,
        type: 3}
      propertyPath: m_LocalRotation.x
      value: 0
      objectReference: {fileID: 0}
    - target: {fileID: 6338784240334988272, guid: 621a01a7a4123ea4a9135f82289ce85a,
        type: 3}
      propertyPath: m_LocalRotation.y
      value: 0
      objectReference: {fileID: 0}
    - target: {fileID: 6338784240334988272, guid: 621a01a7a4123ea4a9135f82289ce85a,
        type: 3}
      propertyPath: m_LocalRotation.z
      value: 0
      objectReference: {fileID: 0}
    - target: {fileID: 6338784240334988272, guid: 621a01a7a4123ea4a9135f82289ce85a,
        type: 3}
      propertyPath: m_LocalEulerAnglesHint.x
      value: 0
      objectReference: {fileID: 0}
    - target: {fileID: 6338784240334988272, guid: 621a01a7a4123ea4a9135f82289ce85a,
        type: 3}
      propertyPath: m_LocalEulerAnglesHint.y
      value: 0
      objectReference: {fileID: 0}
    - target: {fileID: 6338784240334988272, guid: 621a01a7a4123ea4a9135f82289ce85a,
        type: 3}
      propertyPath: m_LocalEulerAnglesHint.z
      value: 0
      objectReference: {fileID: 0}
    m_RemovedComponents: []
  m_SourcePrefab: {fileID: 100100000, guid: 621a01a7a4123ea4a9135f82289ce85a, type: 3}
--- !u!4 &1697520607034343294 stripped
Transform:
  m_CorrespondingSourceObject: {fileID: 6338784240334988272, guid: 621a01a7a4123ea4a9135f82289ce85a,
    type: 3}
  m_PrefabInstance: {fileID: 4645796516155169934}
  m_PrefabAsset: {fileID: 0}
--- !u!1001 &6066966777085363069
PrefabInstance:
  m_ObjectHideFlags: 0
  serializedVersion: 2
  m_Modification:
    m_TransformParent: {fileID: 4192790959061917535}
    m_Modifications:
    - target: {fileID: 4186047870845719168, guid: 621a01a7a4123ea4a9135f82289ce85a,
        type: 3}
      propertyPath: m_Name
      value: Placement Grid Slot (2)
      objectReference: {fileID: 0}
    - target: {fileID: 6338784240334988272, guid: 621a01a7a4123ea4a9135f82289ce85a,
        type: 3}
      propertyPath: m_RootOrder
      value: 2
      objectReference: {fileID: 0}
    - target: {fileID: 6338784240334988272, guid: 621a01a7a4123ea4a9135f82289ce85a,
        type: 3}
      propertyPath: m_LocalPosition.x
      value: 0
      objectReference: {fileID: 0}
    - target: {fileID: 6338784240334988272, guid: 621a01a7a4123ea4a9135f82289ce85a,
        type: 3}
      propertyPath: m_LocalPosition.y
      value: 0
      objectReference: {fileID: 0}
    - target: {fileID: 6338784240334988272, guid: 621a01a7a4123ea4a9135f82289ce85a,
        type: 3}
      propertyPath: m_LocalPosition.z
      value: 0.2
      objectReference: {fileID: 0}
    - target: {fileID: 6338784240334988272, guid: 621a01a7a4123ea4a9135f82289ce85a,
        type: 3}
      propertyPath: m_LocalRotation.w
      value: 1
      objectReference: {fileID: 0}
    - target: {fileID: 6338784240334988272, guid: 621a01a7a4123ea4a9135f82289ce85a,
        type: 3}
      propertyPath: m_LocalRotation.x
      value: 0
      objectReference: {fileID: 0}
    - target: {fileID: 6338784240334988272, guid: 621a01a7a4123ea4a9135f82289ce85a,
        type: 3}
      propertyPath: m_LocalRotation.y
      value: 0
      objectReference: {fileID: 0}
    - target: {fileID: 6338784240334988272, guid: 621a01a7a4123ea4a9135f82289ce85a,
        type: 3}
      propertyPath: m_LocalRotation.z
      value: 0
      objectReference: {fileID: 0}
    - target: {fileID: 6338784240334988272, guid: 621a01a7a4123ea4a9135f82289ce85a,
        type: 3}
      propertyPath: m_LocalEulerAnglesHint.x
      value: 0
      objectReference: {fileID: 0}
    - target: {fileID: 6338784240334988272, guid: 621a01a7a4123ea4a9135f82289ce85a,
        type: 3}
      propertyPath: m_LocalEulerAnglesHint.y
      value: 0
      objectReference: {fileID: 0}
    - target: {fileID: 6338784240334988272, guid: 621a01a7a4123ea4a9135f82289ce85a,
        type: 3}
      propertyPath: m_LocalEulerAnglesHint.z
      value: 0
      objectReference: {fileID: 0}
    m_RemovedComponents: []
  m_SourcePrefab: {fileID: 100100000, guid: 621a01a7a4123ea4a9135f82289ce85a, type: 3}
--- !u!4 &271852656891781261 stripped
Transform:
  m_CorrespondingSourceObject: {fileID: 6338784240334988272, guid: 621a01a7a4123ea4a9135f82289ce85a,
    type: 3}
  m_PrefabInstance: {fileID: 6066966777085363069}
  m_PrefabAsset: {fileID: 0}
--- !u!1001 &6958541692517505753
PrefabInstance:
  m_ObjectHideFlags: 0
  serializedVersion: 2
  m_Modification:
    m_TransformParent: {fileID: 4192790959061917535}
    m_Modifications:
    - target: {fileID: 4186047870845719168, guid: 621a01a7a4123ea4a9135f82289ce85a,
        type: 3}
      propertyPath: m_Name
      value: Placement Grid Slot (14)
      objectReference: {fileID: 0}
    - target: {fileID: 6338784240334988272, guid: 621a01a7a4123ea4a9135f82289ce85a,
        type: 3}
      propertyPath: m_RootOrder
      value: 14
      objectReference: {fileID: 0}
    - target: {fileID: 6338784240334988272, guid: 621a01a7a4123ea4a9135f82289ce85a,
        type: 3}
      propertyPath: m_LocalPosition.x
      value: 0.4
      objectReference: {fileID: 0}
    - target: {fileID: 6338784240334988272, guid: 621a01a7a4123ea4a9135f82289ce85a,
        type: 3}
      propertyPath: m_LocalPosition.y
      value: 0
      objectReference: {fileID: 0}
    - target: {fileID: 6338784240334988272, guid: 621a01a7a4123ea4a9135f82289ce85a,
        type: 3}
      propertyPath: m_LocalPosition.z
      value: 0.6
      objectReference: {fileID: 0}
    - target: {fileID: 6338784240334988272, guid: 621a01a7a4123ea4a9135f82289ce85a,
        type: 3}
      propertyPath: m_LocalRotation.w
      value: 1
      objectReference: {fileID: 0}
    - target: {fileID: 6338784240334988272, guid: 621a01a7a4123ea4a9135f82289ce85a,
        type: 3}
      propertyPath: m_LocalRotation.x
      value: 0
      objectReference: {fileID: 0}
    - target: {fileID: 6338784240334988272, guid: 621a01a7a4123ea4a9135f82289ce85a,
        type: 3}
      propertyPath: m_LocalRotation.y
      value: 0
      objectReference: {fileID: 0}
    - target: {fileID: 6338784240334988272, guid: 621a01a7a4123ea4a9135f82289ce85a,
        type: 3}
      propertyPath: m_LocalRotation.z
      value: 0
      objectReference: {fileID: 0}
    - target: {fileID: 6338784240334988272, guid: 621a01a7a4123ea4a9135f82289ce85a,
        type: 3}
      propertyPath: m_LocalEulerAnglesHint.x
      value: 0
      objectReference: {fileID: 0}
    - target: {fileID: 6338784240334988272, guid: 621a01a7a4123ea4a9135f82289ce85a,
        type: 3}
      propertyPath: m_LocalEulerAnglesHint.y
      value: 0
      objectReference: {fileID: 0}
    - target: {fileID: 6338784240334988272, guid: 621a01a7a4123ea4a9135f82289ce85a,
        type: 3}
      propertyPath: m_LocalEulerAnglesHint.z
      value: 0
      objectReference: {fileID: 0}
    m_RemovedComponents: []
  m_SourcePrefab: {fileID: 100100000, guid: 621a01a7a4123ea4a9135f82289ce85a, type: 3}
--- !u!4 &3991973105064130857 stripped
Transform:
  m_CorrespondingSourceObject: {fileID: 6338784240334988272, guid: 621a01a7a4123ea4a9135f82289ce85a,
    type: 3}
  m_PrefabInstance: {fileID: 6958541692517505753}
  m_PrefabAsset: {fileID: 0}
--- !u!1001 &7554341583243762396
PrefabInstance:
  m_ObjectHideFlags: 0
  serializedVersion: 2
  m_Modification:
    m_TransformParent: {fileID: 4192790959061917535}
    m_Modifications:
    - target: {fileID: 4186047870845719168, guid: 621a01a7a4123ea4a9135f82289ce85a,
        type: 3}
      propertyPath: m_Name
      value: Placement Grid Slot (10)
      objectReference: {fileID: 0}
    - target: {fileID: 6338784240334988272, guid: 621a01a7a4123ea4a9135f82289ce85a,
        type: 3}
      propertyPath: m_RootOrder
      value: 10
      objectReference: {fileID: 0}
    - target: {fileID: 6338784240334988272, guid: 621a01a7a4123ea4a9135f82289ce85a,
        type: 3}
      propertyPath: m_LocalPosition.x
      value: 0.2
      objectReference: {fileID: 0}
    - target: {fileID: 6338784240334988272, guid: 621a01a7a4123ea4a9135f82289ce85a,
        type: 3}
      propertyPath: m_LocalPosition.y
      value: 0
      objectReference: {fileID: 0}
    - target: {fileID: 6338784240334988272, guid: 621a01a7a4123ea4a9135f82289ce85a,
        type: 3}
      propertyPath: m_LocalPosition.z
      value: 0.8
      objectReference: {fileID: 0}
    - target: {fileID: 6338784240334988272, guid: 621a01a7a4123ea4a9135f82289ce85a,
        type: 3}
      propertyPath: m_LocalRotation.w
      value: 1
      objectReference: {fileID: 0}
    - target: {fileID: 6338784240334988272, guid: 621a01a7a4123ea4a9135f82289ce85a,
        type: 3}
      propertyPath: m_LocalRotation.x
      value: 0
      objectReference: {fileID: 0}
    - target: {fileID: 6338784240334988272, guid: 621a01a7a4123ea4a9135f82289ce85a,
        type: 3}
      propertyPath: m_LocalRotation.y
      value: 0
      objectReference: {fileID: 0}
    - target: {fileID: 6338784240334988272, guid: 621a01a7a4123ea4a9135f82289ce85a,
        type: 3}
      propertyPath: m_LocalRotation.z
      value: 0
      objectReference: {fileID: 0}
    - target: {fileID: 6338784240334988272, guid: 621a01a7a4123ea4a9135f82289ce85a,
        type: 3}
      propertyPath: m_LocalEulerAnglesHint.x
      value: 0
      objectReference: {fileID: 0}
    - target: {fileID: 6338784240334988272, guid: 621a01a7a4123ea4a9135f82289ce85a,
        type: 3}
      propertyPath: m_LocalEulerAnglesHint.y
      value: 0
      objectReference: {fileID: 0}
    - target: {fileID: 6338784240334988272, guid: 621a01a7a4123ea4a9135f82289ce85a,
        type: 3}
      propertyPath: m_LocalEulerAnglesHint.z
      value: 0
      objectReference: {fileID: 0}
    m_RemovedComponents: []
  m_SourcePrefab: {fileID: 100100000, guid: 621a01a7a4123ea4a9135f82289ce85a, type: 3}
--- !u!4 &4549069980602612012 stripped
Transform:
  m_CorrespondingSourceObject: {fileID: 6338784240334988272, guid: 621a01a7a4123ea4a9135f82289ce85a,
    type: 3}
  m_PrefabInstance: {fileID: 7554341583243762396}
  m_PrefabAsset: {fileID: 0}
--- !u!1001 &8118416015169353704
PrefabInstance:
  m_ObjectHideFlags: 0
  serializedVersion: 2
  m_Modification:
    m_TransformParent: {fileID: 4192790959061917535}
    m_Modifications:
    - target: {fileID: 4186047870845719168, guid: 621a01a7a4123ea4a9135f82289ce85a,
        type: 3}
      propertyPath: m_Name
      value: Placement Grid Slot (3)
      objectReference: {fileID: 0}
    - target: {fileID: 6338784240334988272, guid: 621a01a7a4123ea4a9135f82289ce85a,
        type: 3}
      propertyPath: m_RootOrder
      value: 3
      objectReference: {fileID: 0}
    - target: {fileID: 6338784240334988272, guid: 621a01a7a4123ea4a9135f82289ce85a,
        type: 3}
      propertyPath: m_LocalPosition.x
      value: 0
      objectReference: {fileID: 0}
    - target: {fileID: 6338784240334988272, guid: 621a01a7a4123ea4a9135f82289ce85a,
        type: 3}
      propertyPath: m_LocalPosition.y
      value: 0
      objectReference: {fileID: 0}
    - target: {fileID: 6338784240334988272, guid: 621a01a7a4123ea4a9135f82289ce85a,
        type: 3}
      propertyPath: m_LocalPosition.z
      value: 0.4
      objectReference: {fileID: 0}
    - target: {fileID: 6338784240334988272, guid: 621a01a7a4123ea4a9135f82289ce85a,
        type: 3}
      propertyPath: m_LocalRotation.w
      value: 1
      objectReference: {fileID: 0}
    - target: {fileID: 6338784240334988272, guid: 621a01a7a4123ea4a9135f82289ce85a,
        type: 3}
      propertyPath: m_LocalRotation.x
      value: 0
      objectReference: {fileID: 0}
    - target: {fileID: 6338784240334988272, guid: 621a01a7a4123ea4a9135f82289ce85a,
        type: 3}
      propertyPath: m_LocalRotation.y
      value: 0
      objectReference: {fileID: 0}
    - target: {fileID: 6338784240334988272, guid: 621a01a7a4123ea4a9135f82289ce85a,
        type: 3}
      propertyPath: m_LocalRotation.z
      value: 0
      objectReference: {fileID: 0}
    - target: {fileID: 6338784240334988272, guid: 621a01a7a4123ea4a9135f82289ce85a,
        type: 3}
      propertyPath: m_LocalEulerAnglesHint.x
      value: 0
      objectReference: {fileID: 0}
    - target: {fileID: 6338784240334988272, guid: 621a01a7a4123ea4a9135f82289ce85a,
        type: 3}
      propertyPath: m_LocalEulerAnglesHint.y
      value: 0
      objectReference: {fileID: 0}
    - target: {fileID: 6338784240334988272, guid: 621a01a7a4123ea4a9135f82289ce85a,
        type: 3}
      propertyPath: m_LocalEulerAnglesHint.z
      value: 0
      objectReference: {fileID: 0}
    m_RemovedComponents: []
  m_SourcePrefab: {fileID: 100100000, guid: 621a01a7a4123ea4a9135f82289ce85a, type: 3}
--- !u!4 &2836576124815807512 stripped
Transform:
  m_CorrespondingSourceObject: {fileID: 6338784240334988272, guid: 621a01a7a4123ea4a9135f82289ce85a,
    type: 3}
  m_PrefabInstance: {fileID: 8118416015169353704}
  m_PrefabAsset: {fileID: 0}
--- !u!1001 &9203945849803670294
PrefabInstance:
  m_ObjectHideFlags: 0
  serializedVersion: 2
  m_Modification:
    m_TransformParent: {fileID: 4192790959061917535}
    m_Modifications:
    - target: {fileID: 4186047870845719168, guid: 621a01a7a4123ea4a9135f82289ce85a,
        type: 3}
      propertyPath: m_Name
      value: Placement Grid Slot (11)
      objectReference: {fileID: 0}
    - target: {fileID: 6338784240334988272, guid: 621a01a7a4123ea4a9135f82289ce85a,
        type: 3}
      propertyPath: m_RootOrder
      value: 11
      objectReference: {fileID: 0}
    - target: {fileID: 6338784240334988272, guid: 621a01a7a4123ea4a9135f82289ce85a,
        type: 3}
      propertyPath: m_LocalPosition.x
      value: 0.4
      objectReference: {fileID: 0}
    - target: {fileID: 6338784240334988272, guid: 621a01a7a4123ea4a9135f82289ce85a,
        type: 3}
      propertyPath: m_LocalPosition.y
      value: 0
      objectReference: {fileID: 0}
    - target: {fileID: 6338784240334988272, guid: 621a01a7a4123ea4a9135f82289ce85a,
        type: 3}
      propertyPath: m_LocalPosition.z
      value: 0
      objectReference: {fileID: 0}
    - target: {fileID: 6338784240334988272, guid: 621a01a7a4123ea4a9135f82289ce85a,
        type: 3}
      propertyPath: m_LocalRotation.w
      value: 1
      objectReference: {fileID: 0}
    - target: {fileID: 6338784240334988272, guid: 621a01a7a4123ea4a9135f82289ce85a,
        type: 3}
      propertyPath: m_LocalRotation.x
      value: 0
      objectReference: {fileID: 0}
    - target: {fileID: 6338784240334988272, guid: 621a01a7a4123ea4a9135f82289ce85a,
        type: 3}
      propertyPath: m_LocalRotation.y
      value: 0
      objectReference: {fileID: 0}
    - target: {fileID: 6338784240334988272, guid: 621a01a7a4123ea4a9135f82289ce85a,
        type: 3}
      propertyPath: m_LocalRotation.z
      value: 0
      objectReference: {fileID: 0}
    - target: {fileID: 6338784240334988272, guid: 621a01a7a4123ea4a9135f82289ce85a,
        type: 3}
      propertyPath: m_LocalEulerAnglesHint.x
      value: 0
      objectReference: {fileID: 0}
    - target: {fileID: 6338784240334988272, guid: 621a01a7a4123ea4a9135f82289ce85a,
        type: 3}
      propertyPath: m_LocalEulerAnglesHint.y
      value: 0
      objectReference: {fileID: 0}
    - target: {fileID: 6338784240334988272, guid: 621a01a7a4123ea4a9135f82289ce85a,
        type: 3}
      propertyPath: m_LocalEulerAnglesHint.z
      value: 0
      objectReference: {fileID: 0}
    m_RemovedComponents: []
  m_SourcePrefab: {fileID: 100100000, guid: 621a01a7a4123ea4a9135f82289ce85a, type: 3}
--- !u!4 &2904005178803380454 stripped
Transform:
  m_CorrespondingSourceObject: {fileID: 6338784240334988272, guid: 621a01a7a4123ea4a9135f82289ce85a,
    type: 3}
  m_PrefabInstance: {fileID: 9203945849803670294}
  m_PrefabAsset: {fileID: 0}
