%YAML 1.1
%TAG !u! tag:unity3d.com,2011:
--- !u!1 &6416915443776068812
GameObject:
  m_ObjectHideFlags: 0
  m_CorrespondingSourceObject: {fileID: 0}
  m_PrefabInstance: {fileID: 0}
  m_PrefabAsset: {fileID: 0}
  serializedVersion: 6
  m_Component:
  - component: {fileID: 6416915443776068811}
  m_Layer: 9
  m_Name: PlacementInteraction
  m_TagString: Untagged
  m_Icon: {fileID: 0}
  m_NavMeshLayer: 0
  m_StaticEditorFlags: 0
  m_IsActive: 0
--- !u!4 &6416915443776068811
Transform:
  m_ObjectHideFlags: 0
  m_CorrespondingSourceObject: {fileID: 0}
  m_PrefabInstance: {fileID: 0}
  m_PrefabAsset: {fileID: 0}
  m_GameObject: {fileID: 6416915443776068812}
  m_LocalRotation: {x: 0, y: 0, z: 0, w: 1}
  m_LocalPosition: {x: 0, y: 0, z: 0}
  m_LocalScale: {x: 1, y: 1, z: 1}
  m_Children:
  - {fileID: 6416915445204040139}
  - {fileID: 6416915445307903838}
  - {fileID: 6416915444460305692}
  m_Father: {fileID: 6416915444708456622}
  m_RootOrder: 5
  m_LocalEulerAnglesHint: {x: 0, y: 0, z: 0}
--- !u!1 &6416915443814799294
GameObject:
  m_ObjectHideFlags: 0
  m_CorrespondingSourceObject: {fileID: 0}
  m_PrefabInstance: {fileID: 0}
  m_PrefabAsset: {fileID: 0}
  serializedVersion: 6
  m_Component:
  - component: {fileID: 6416915443814799293}
  m_Layer: 0
  m_Name: Character1_LeftHandPinky3
  m_TagString: Untagged
  m_Icon: {fileID: 0}
  m_NavMeshLayer: 0
  m_StaticEditorFlags: 0
  m_IsActive: 1
--- !u!4 &6416915443814799293
Transform:
  m_ObjectHideFlags: 0
  m_CorrespondingSourceObject: {fileID: 0}
  m_PrefabInstance: {fileID: 0}
  m_PrefabAsset: {fileID: 0}
  m_GameObject: {fileID: 6416915443814799294}
  m_LocalRotation: {x: 0, y: -0, z: -0.07466191, w: 0.9972089}
  m_LocalPosition: {x: -0.019745013, y: 0.0000093945855, z: -0.0000000014299999}
  m_LocalScale: {x: 1, y: 1, z: 1}
  m_Children:
  - {fileID: 6416915445317118223}
  m_Father: {fileID: 6416915444841390104}
  m_RootOrder: 0
  m_LocalEulerAnglesHint: {x: 0, y: 0, z: 0}
--- !u!1 &6416915443851208722
GameObject:
  m_ObjectHideFlags: 0
  m_CorrespondingSourceObject: {fileID: 0}
  m_PrefabInstance: {fileID: 0}
  m_PrefabAsset: {fileID: 0}
  serializedVersion: 6
  m_Component:
  - component: {fileID: 6416915443851208721}
  m_Layer: 0
  m_Name: Character1_LeftHandMiddle4
  m_TagString: Untagged
  m_Icon: {fileID: 0}
  m_NavMeshLayer: 0
  m_StaticEditorFlags: 0
  m_IsActive: 1
--- !u!4 &6416915443851208721
Transform:
  m_ObjectHideFlags: 0
  m_CorrespondingSourceObject: {fileID: 0}
  m_PrefabInstance: {fileID: 0}
  m_PrefabAsset: {fileID: 0}
  m_GameObject: {fileID: 6416915443851208722}
  m_LocalRotation: {x: 0.00038187904, y: -0.004713648, z: 0.17321496, w: 0.9848727}
  m_LocalPosition: {x: -0.020056318, y: -0.000005405077, z: -0.0000062480854}
  m_LocalScale: {x: 1, y: 1, z: 1}
  m_Children: []
  m_Father: {fileID: 6416915445152028607}
  m_RootOrder: 0
  m_LocalEulerAnglesHint: {x: 0, y: 0, z: 0}
--- !u!1 &6416915443859415651
GameObject:
  m_ObjectHideFlags: 0
  m_CorrespondingSourceObject: {fileID: 0}
  m_PrefabInstance: {fileID: 0}
  m_PrefabAsset: {fileID: 0}
  serializedVersion: 6
  m_Component:
  - component: {fileID: 6416915443859415650}
  m_Layer: 9
  m_Name: Mesh Root
  m_TagString: Untagged
  m_Icon: {fileID: 0}
  m_NavMeshLayer: 0
  m_StaticEditorFlags: 0
  m_IsActive: 1
--- !u!4 &6416915443859415650
Transform:
  m_ObjectHideFlags: 0
  m_CorrespondingSourceObject: {fileID: 0}
  m_PrefabInstance: {fileID: 0}
  m_PrefabAsset: {fileID: 0}
  m_GameObject: {fileID: 6416915443859415651}
  m_LocalRotation: {x: -0, y: -0, z: -0, w: 1}
  m_LocalPosition: {x: 0, y: 0, z: 0}
  m_LocalScale: {x: 1, y: 1, z: 1}
  m_Children:
  - {fileID: 6416915444355742184}
  m_Father: {fileID: 6416915444708456622}
  m_RootOrder: 3
  m_LocalEulerAnglesHint: {x: 0, y: 0, z: 0}
--- !u!1 &6416915443873250128
GameObject:
  m_ObjectHideFlags: 0
  m_CorrespondingSourceObject: {fileID: 0}
  m_PrefabInstance: {fileID: 0}
  m_PrefabAsset: {fileID: 0}
  serializedVersion: 6
  m_Component:
  - component: {fileID: 6416915443873250127}
  m_Layer: 0
  m_Name: Character1_LeftHandIndex2
  m_TagString: Untagged
  m_Icon: {fileID: 0}
  m_NavMeshLayer: 0
  m_StaticEditorFlags: 0
  m_IsActive: 1
--- !u!4 &6416915443873250127
Transform:
  m_ObjectHideFlags: 0
  m_CorrespondingSourceObject: {fileID: 0}
  m_PrefabInstance: {fileID: 0}
  m_PrefabAsset: {fileID: 0}
  m_GameObject: {fileID: 6416915443873250128}
  m_LocalRotation: {x: 0.00043405147, y: -0.017447008, z: 0.024861569, w: 0.99953854}
  m_LocalPosition: {x: -0.031748008, y: -0.000014480879, z: 0.0014719901}
  m_LocalScale: {x: 1, y: 1, z: 1}
  m_Children:
  - {fileID: 6416915444443380791}
  m_Father: {fileID: 6416915444021587401}
  m_RootOrder: 0
  m_LocalEulerAnglesHint: {x: 0, y: 0, z: 0}
--- !u!1 &6416915443960889081
GameObject:
  m_ObjectHideFlags: 0
  m_CorrespondingSourceObject: {fileID: 0}
  m_PrefabInstance: {fileID: 0}
  m_PrefabAsset: {fileID: 0}
  serializedVersion: 6
  m_Component:
  - component: {fileID: 6416915443960889080}
  m_Layer: 0
  m_Name: Character1_LeftHandThumb3
  m_TagString: Untagged
  m_Icon: {fileID: 0}
  m_NavMeshLayer: 0
  m_StaticEditorFlags: 0
  m_IsActive: 1
--- !u!4 &6416915443960889080
Transform:
  m_ObjectHideFlags: 0
  m_CorrespondingSourceObject: {fileID: 0}
  m_PrefabInstance: {fileID: 0}
  m_PrefabAsset: {fileID: 0}
  m_GameObject: {fileID: 6416915443960889081}
  m_LocalRotation: {x: 0, y: -0, z: -0.07454498, w: 0.99721766}
  m_LocalPosition: {x: -0.011895337, y: 0.000005210889, z: 0.019212574}
  m_LocalScale: {x: 1, y: 1, z: 1}
  m_Children:
  - {fileID: 6416915444496801979}
  m_Father: {fileID: 6416915444889912106}
  m_RootOrder: 0
  m_LocalEulerAnglesHint: {x: 0, y: 0, z: 0}
--- !u!1 &6416915443976923587
GameObject:
  m_ObjectHideFlags: 0
  m_CorrespondingSourceObject: {fileID: 0}
  m_PrefabInstance: {fileID: 0}
  m_PrefabAsset: {fileID: 0}
  serializedVersion: 6
  m_Component:
  - component: {fileID: 6416915443976923586}
  m_Layer: 0
  m_Name: Character1_LeftHandMiddle1
  m_TagString: Untagged
  m_Icon: {fileID: 0}
  m_NavMeshLayer: 0
  m_StaticEditorFlags: 0
  m_IsActive: 1
--- !u!4 &6416915443976923586
Transform:
  m_ObjectHideFlags: 0
  m_CorrespondingSourceObject: {fileID: 0}
  m_PrefabInstance: {fileID: 0}
  m_PrefabAsset: {fileID: 0}
  m_GameObject: {fileID: 6416915443976923587}
  m_LocalRotation: {x: 0, y: -0, z: -0.006217593, w: 0.9999807}
  m_LocalPosition: {x: -0.08809744, y: 0.005032647, z: -0.0022358112}
  m_LocalScale: {x: 1, y: 1, z: 1}
  m_Children:
  - {fileID: 6416915444382640712}
  m_Father: {fileID: 6416915445051630881}
  m_RootOrder: 1
  m_LocalEulerAnglesHint: {x: 0, y: 0, z: 0}
--- !u!1 &6416915443985109859
GameObject:
  m_ObjectHideFlags: 0
  m_CorrespondingSourceObject: {fileID: 0}
  m_PrefabInstance: {fileID: 0}
  m_PrefabAsset: {fileID: 0}
  serializedVersion: 6
  m_Component:
  - component: {fileID: 6416915443985109858}
  m_Layer: 0
  m_Name: Character1_LeftHandPinky2
  m_TagString: Untagged
  m_Icon: {fileID: 0}
  m_NavMeshLayer: 0
  m_StaticEditorFlags: 0
  m_IsActive: 1
--- !u!4 &6416915443985109858
Transform:
  m_ObjectHideFlags: 0
  m_CorrespondingSourceObject: {fileID: 0}
  m_PrefabInstance: {fileID: 0}
  m_PrefabAsset: {fileID: 0}
  m_GameObject: {fileID: 6416915443985109859}
  m_LocalRotation: {x: 0, y: 0, z: 0.024874626, w: 0.9996906}
  m_LocalPosition: {x: -0.034370814, y: -0.000015031935, z: -8.881784e-18}
  m_LocalScale: {x: 1, y: 1, z: 1}
  m_Children:
  - {fileID: 6416915445580110196}
  m_Father: {fileID: 6416915444210944028}
  m_RootOrder: 0
  m_LocalEulerAnglesHint: {x: 0, y: 0, z: 0}
--- !u!1 &6416915444003149822
GameObject:
  m_ObjectHideFlags: 0
  m_CorrespondingSourceObject: {fileID: 0}
  m_PrefabInstance: {fileID: 0}
  m_PrefabAsset: {fileID: 0}
  serializedVersion: 6
  m_Component:
  - component: {fileID: 6416915444003149821}
  - component: {fileID: 6416915444003149818}
  - component: {fileID: 6416915444003149819}
  - component: {fileID: 6416915444003149820}
  m_Layer: 0
  m_Name: Sphere
  m_TagString: Untagged
  m_Icon: {fileID: 0}
  m_NavMeshLayer: 0
  m_StaticEditorFlags: 0
  m_IsActive: 0
--- !u!4 &6416915444003149821
Transform:
  m_ObjectHideFlags: 0
  m_CorrespondingSourceObject: {fileID: 0}
  m_PrefabInstance: {fileID: 0}
  m_PrefabAsset: {fileID: 0}
  m_GameObject: {fileID: 6416915444003149822}
  m_LocalRotation: {x: 0, y: 0, z: 0, w: 1}
  m_LocalPosition: {x: 0, y: 0, z: 0}
  m_LocalScale: {x: 0.2, y: 0.2, z: 0.2}
  m_Children: []
  m_Father: {fileID: 6416915444460305692}
  m_RootOrder: 0
  m_LocalEulerAnglesHint: {x: 0, y: 0, z: 0}
--- !u!33 &6416915444003149818
MeshFilter:
  m_ObjectHideFlags: 0
  m_CorrespondingSourceObject: {fileID: 0}
  m_PrefabInstance: {fileID: 0}
  m_PrefabAsset: {fileID: 0}
  m_GameObject: {fileID: 6416915444003149822}
  m_Mesh: {fileID: 10207, guid: 0000000000000000e000000000000000, type: 0}
--- !u!23 &6416915444003149819
MeshRenderer:
  m_ObjectHideFlags: 0
  m_CorrespondingSourceObject: {fileID: 0}
  m_PrefabInstance: {fileID: 0}
  m_PrefabAsset: {fileID: 0}
  m_GameObject: {fileID: 6416915444003149822}
  m_Enabled: 1
  m_CastShadows: 1
  m_ReceiveShadows: 1
  m_DynamicOccludee: 1
  m_MotionVectors: 1
  m_LightProbeUsage: 1
  m_ReflectionProbeUsage: 1
  m_RayTracingMode: 2
  m_RayTraceProcedural: 0
  m_RenderingLayerMask: 1
  m_RendererPriority: 0
  m_Materials:
  - {fileID: 2100000, guid: 31321ba15b8f8eb4c954353edc038b1d, type: 2}
  m_StaticBatchInfo:
    firstSubMesh: 0
    subMeshCount: 0
  m_StaticBatchRoot: {fileID: 0}
  m_ProbeAnchor: {fileID: 0}
  m_LightProbeVolumeOverride: {fileID: 0}
  m_ScaleInLightmap: 1
  m_ReceiveGI: 1
  m_PreserveUVs: 0
  m_IgnoreNormalsForChartDetection: 0
  m_ImportantGI: 0
  m_StitchLightmapSeams: 1
  m_SelectedEditorRenderState: 3
  m_MinimumChartSize: 4
  m_AutoUVMaxDistance: 0.5
  m_AutoUVMaxAngle: 89
  m_LightmapParameters: {fileID: 0}
  m_SortingLayerID: 0
  m_SortingLayer: 0
  m_SortingOrder: 0
  m_AdditionalVertexStreams: {fileID: 0}
--- !u!135 &6416915444003149820
SphereCollider:
  m_ObjectHideFlags: 0
  m_CorrespondingSourceObject: {fileID: 0}
  m_PrefabInstance: {fileID: 0}
  m_PrefabAsset: {fileID: 0}
  m_GameObject: {fileID: 6416915444003149822}
  m_Material: {fileID: 0}
  m_IsTrigger: 0
  m_Enabled: 1
  serializedVersion: 2
  m_Radius: 0.5
  m_Center: {x: 0, y: 0, z: 0}
--- !u!1 &6416915444021587402
GameObject:
  m_ObjectHideFlags: 0
  m_CorrespondingSourceObject: {fileID: 0}
  m_PrefabInstance: {fileID: 0}
  m_PrefabAsset: {fileID: 0}
  serializedVersion: 6
  m_Component:
  - component: {fileID: 6416915444021587401}
  m_Layer: 0
  m_Name: Character1_LeftHandIndex1
  m_TagString: Untagged
  m_Icon: {fileID: 0}
  m_NavMeshLayer: 0
  m_StaticEditorFlags: 0
  m_IsActive: 1
--- !u!4 &6416915444021587401
Transform:
  m_ObjectHideFlags: 0
  m_CorrespondingSourceObject: {fileID: 0}
  m_PrefabInstance: {fileID: 0}
  m_PrefabAsset: {fileID: 0}
  m_GameObject: {fileID: 6416915444021587402}
  m_LocalRotation: {x: 0, y: -0, z: -0.006217593, w: 0.9999807}
  m_LocalPosition: {x: -0.08821922, y: 0.0020210666, z: 0.022053923}
  m_LocalScale: {x: 1, y: 1, z: 1}
  m_Children:
  - {fileID: 6416915443873250127}
  m_Father: {fileID: 6416915444613364899}
  m_RootOrder: 0
  m_LocalEulerAnglesHint: {x: 0, y: 0, z: 0}
--- !u!1 &6416915444079544471
GameObject:
  m_ObjectHideFlags: 0
  m_CorrespondingSourceObject: {fileID: 0}
  m_PrefabInstance: {fileID: 0}
  m_PrefabAsset: {fileID: 0}
  serializedVersion: 6
  m_Component:
  - component: {fileID: 6416915444079544470}
  m_Layer: 0
  m_Name: Prop Muscle Target Character1_LeftHand
  m_TagString: Untagged
  m_Icon: {fileID: 0}
  m_NavMeshLayer: 0
  m_StaticEditorFlags: 0
  m_IsActive: 1
--- !u!4 &6416915444079544470
Transform:
  m_ObjectHideFlags: 0
  m_CorrespondingSourceObject: {fileID: 0}
  m_PrefabInstance: {fileID: 0}
  m_PrefabAsset: {fileID: 0}
  m_GameObject: {fileID: 6416915444079544471}
  m_LocalRotation: {x: -0, y: -0, z: 1.1641532e-10, w: 1}
  m_LocalPosition: {x: -0.04950035, y: -0.019299958, z: -0.00000007543713}
  m_LocalScale: {x: 0.9999999, y: 0.9999999, z: 1}
  m_Children:
  - {fileID: 6416915444978572769}
  m_Father: {fileID: 6416915445051630881}
  m_RootOrder: 4
  m_LocalEulerAnglesHint: {x: 0, y: 0, z: 0}
--- !u!1 &6416915444093484223
GameObject:
  m_ObjectHideFlags: 0
  m_CorrespondingSourceObject: {fileID: 0}
  m_PrefabInstance: {fileID: 0}
  m_PrefabAsset: {fileID: 0}
  serializedVersion: 6
  m_Component:
  - component: {fileID: 6416915444093484222}
  m_Layer: 0
  m_Name: Character1_LeftHandIndex4
  m_TagString: Untagged
  m_Icon: {fileID: 0}
  m_NavMeshLayer: 0
  m_StaticEditorFlags: 0
  m_IsActive: 1
--- !u!4 &6416915444093484222
Transform:
  m_ObjectHideFlags: 0
  m_CorrespondingSourceObject: {fileID: 0}
  m_PrefabInstance: {fileID: 0}
  m_PrefabAsset: {fileID: 0}
  m_GameObject: {fileID: 6416915444093484223}
  m_LocalRotation: {x: -0.110295184, y: 0.44348434, z: -0.02079707, w: 0.88922673}
  m_LocalPosition: {x: -0.019284517, y: -0.000004766019, z: -0.0034016212}
  m_LocalScale: {x: 1, y: 1, z: 1}
  m_Children: []
  m_Father: {fileID: 6416915445492013105}
  m_RootOrder: 0
  m_LocalEulerAnglesHint: {x: 0, y: 0, z: 0}
--- !u!1 &6416915444099436566
GameObject:
  m_ObjectHideFlags: 0
  m_CorrespondingSourceObject: {fileID: 0}
  m_PrefabInstance: {fileID: 0}
  m_PrefabAsset: {fileID: 0}
  serializedVersion: 6
  m_Component:
  - component: {fileID: 6416915444099436565}
  m_Layer: 0
  m_Name: Character1_LeftHandMiddle3
  m_TagString: Untagged
  m_Icon: {fileID: 0}
  m_NavMeshLayer: 0
  m_StaticEditorFlags: 0
  m_IsActive: 1
--- !u!4 &6416915444099436565
Transform:
  m_ObjectHideFlags: 0
  m_CorrespondingSourceObject: {fileID: 0}
  m_PrefabInstance: {fileID: 0}
  m_PrefabAsset: {fileID: 0}
  m_GameObject: {fileID: 6416915444099436566}
  m_LocalRotation: {x: 0.00002628437, y: 0.00055860187, z: -0.07454239, w: 0.9972177}
  m_LocalPosition: {x: -0.021102654, y: 0.000009478431, z: 0.0000030302442}
  m_LocalScale: {x: 1, y: 1, z: 1}
  m_Children:
  - {fileID: 6416915444505093712}
  m_Father: {fileID: 6416915444382640712}
  m_RootOrder: 0
  m_LocalEulerAnglesHint: {x: 0, y: 0, z: 0}
--- !u!1 &6416915444210944029
GameObject:
  m_ObjectHideFlags: 0
  m_CorrespondingSourceObject: {fileID: 0}
  m_PrefabInstance: {fileID: 0}
  m_PrefabAsset: {fileID: 0}
  serializedVersion: 6
  m_Component:
  - component: {fileID: 6416915444210944028}
  m_Layer: 0
  m_Name: Character1_LeftHandPinky1
  m_TagString: Untagged
  m_Icon: {fileID: 0}
  m_NavMeshLayer: 0
  m_StaticEditorFlags: 0
  m_IsActive: 1
--- !u!4 &6416915444210944028
Transform:
  m_ObjectHideFlags: 0
  m_CorrespondingSourceObject: {fileID: 0}
  m_PrefabInstance: {fileID: 0}
  m_PrefabAsset: {fileID: 0}
  m_GameObject: {fileID: 6416915444210944029}
  m_LocalRotation: {x: 0, y: -0, z: -0.006217593, w: 0.9999807}
  m_LocalPosition: {x: -0.08882359, y: -0.0031063326, z: -0.024903564}
  m_LocalScale: {x: 1, y: 1, z: 1}
  m_Children:
  - {fileID: 6416915443985109858}
  m_Father: {fileID: 6416915445051630881}
  m_RootOrder: 2
  m_LocalEulerAnglesHint: {x: 0, y: 0, z: 0}
--- !u!1 &6416915444355742185
GameObject:
  m_ObjectHideFlags: 0
  m_CorrespondingSourceObject: {fileID: 0}
  m_PrefabInstance: {fileID: 0}
  m_PrefabAsset: {fileID: 0}
  serializedVersion: 6
  m_Component:
  - component: {fileID: 6416915444355742184}
  - component: {fileID: 6416915444355742181}
  - component: {fileID: 6416915444355742182}
  - component: {fileID: 6416915444355742183}
  m_Layer: 0
  m_Name: log
  m_TagString: Untagged
  m_Icon: {fileID: 0}
  m_NavMeshLayer: 0
  m_StaticEditorFlags: 0
  m_IsActive: 1
--- !u!4 &6416915444355742184
Transform:
  m_ObjectHideFlags: 0
  m_CorrespondingSourceObject: {fileID: 0}
  m_PrefabInstance: {fileID: 0}
  m_PrefabAsset: {fileID: 0}
  m_GameObject: {fileID: 6416915444355742185}
  m_LocalRotation: {x: -0, y: -0.70710576, z: -0, w: 0.7071079}
  m_LocalPosition: {x: 0, y: 0, z: 0}
  m_LocalScale: {x: 1, y: 0.3, z: 0.3}
  m_Children: []
  m_Father: {fileID: 6416915443859415650}
  m_RootOrder: 0
  m_LocalEulerAnglesHint: {x: 0, y: -90, z: 0}
--- !u!33 &6416915444355742181
MeshFilter:
  m_ObjectHideFlags: 0
  m_CorrespondingSourceObject: {fileID: 0}
  m_PrefabInstance: {fileID: 0}
  m_PrefabAsset: {fileID: 0}
  m_GameObject: {fileID: 6416915444355742185}
  m_Mesh: {fileID: -4382592946021430313, guid: 42fa3b3142f52274689859b789851725, type: 3}
--- !u!23 &6416915444355742182
MeshRenderer:
  m_ObjectHideFlags: 0
  m_CorrespondingSourceObject: {fileID: 0}
  m_PrefabInstance: {fileID: 0}
  m_PrefabAsset: {fileID: 0}
  m_GameObject: {fileID: 6416915444355742185}
  m_Enabled: 1
  m_CastShadows: 1
  m_ReceiveShadows: 1
  m_DynamicOccludee: 1
  m_MotionVectors: 1
  m_LightProbeUsage: 1
  m_ReflectionProbeUsage: 1
  m_RayTracingMode: 2
  m_RayTraceProcedural: 0
  m_RenderingLayerMask: 1
  m_RendererPriority: 0
  m_Materials:
  - {fileID: 2100000, guid: 38b6061f596d7344983e4d5395e32d3c, type: 2}
  m_StaticBatchInfo:
    firstSubMesh: 0
    subMeshCount: 0
  m_StaticBatchRoot: {fileID: 0}
  m_ProbeAnchor: {fileID: 0}
  m_LightProbeVolumeOverride: {fileID: 0}
  m_ScaleInLightmap: 1
  m_ReceiveGI: 1
  m_PreserveUVs: 0
  m_IgnoreNormalsForChartDetection: 0
  m_ImportantGI: 0
  m_StitchLightmapSeams: 1
  m_SelectedEditorRenderState: 3
  m_MinimumChartSize: 4
  m_AutoUVMaxDistance: 0.5
  m_AutoUVMaxAngle: 89
  m_LightmapParameters: {fileID: 0}
  m_SortingLayerID: 0
  m_SortingLayer: 0
  m_SortingOrder: 0
  m_AdditionalVertexStreams: {fileID: 0}
--- !u!114 &6416915444355742183
MonoBehaviour:
  m_ObjectHideFlags: 0
  m_CorrespondingSourceObject: {fileID: 0}
  m_PrefabInstance: {fileID: 0}
  m_PrefabAsset: {fileID: 0}
  m_GameObject: {fileID: 6416915444355742185}
  m_Enabled: 1
  m_EditorHideFlags: 0
  m_Script: {fileID: 11500000, guid: 46cff699b70c94b479ca692ea4698a2b, type: 3}
  m_Name: 
  m_EditorClassIdentifier: 
  rb: {fileID: 0}
  lethalForce: 50
  rootObject: {fileID: 6416915444708456633}
  TagFilterArray: []
  OnProjectileFired:
    m_PersistentCalls:
      m_Calls: []
--- !u!1 &6416915444382640713
GameObject:
  m_ObjectHideFlags: 0
  m_CorrespondingSourceObject: {fileID: 0}
  m_PrefabInstance: {fileID: 0}
  m_PrefabAsset: {fileID: 0}
  serializedVersion: 6
  m_Component:
  - component: {fileID: 6416915444382640712}
  m_Layer: 0
  m_Name: Character1_LeftHandMiddle2
  m_TagString: Untagged
  m_Icon: {fileID: 0}
  m_NavMeshLayer: 0
  m_StaticEditorFlags: 0
  m_IsActive: 1
--- !u!4 &6416915444382640712
Transform:
  m_ObjectHideFlags: 0
  m_CorrespondingSourceObject: {fileID: 0}
  m_PrefabInstance: {fileID: 0}
  m_PrefabAsset: {fileID: 0}
  m_GameObject: {fileID: 6416915444382640713}
  m_LocalRotation: {x: 0.0000007732932, y: -0.00003108634, z: 0.024867967, w: 0.9996908}
  m_LocalPosition: {x: -0.036406387, y: -0.000016352229, z: 0.00000302455}
  m_LocalScale: {x: 1, y: 1, z: 1}
  m_Children:
  - {fileID: 6416915444099436565}
  m_Father: {fileID: 6416915443976923586}
  m_RootOrder: 0
  m_LocalEulerAnglesHint: {x: 0, y: 0, z: 0}
--- !u!1 &6416915444427354780
GameObject:
  m_ObjectHideFlags: 0
  m_CorrespondingSourceObject: {fileID: 0}
  m_PrefabInstance: {fileID: 0}
  m_PrefabAsset: {fileID: 0}
  serializedVersion: 6
  m_Component:
  - component: {fileID: 6416915444427354779}
  - component: {fileID: 6416915444427354777}
  - component: {fileID: 6416915444427354778}
  m_Layer: 0
  m_Name: Pivot
  m_TagString: Untagged
  m_Icon: {fileID: 0}
  m_NavMeshLayer: 0
  m_StaticEditorFlags: 0
  m_IsActive: 1
--- !u!4 &6416915444427354779
Transform:
  m_ObjectHideFlags: 0
  m_CorrespondingSourceObject: {fileID: 0}
  m_PrefabInstance: {fileID: 0}
  m_PrefabAsset: {fileID: 0}
  m_GameObject: {fileID: 6416915444427354780}
  m_LocalRotation: {x: -0, y: -0, z: -0, w: 1}
  m_LocalPosition: {x: 0, y: 0, z: 0}
  m_LocalScale: {x: 0.049999997, y: 0.049999997, z: 0.049999997}
  m_Children: []
  m_Father: {fileID: 6416915444708456622}
  m_RootOrder: 2
  m_LocalEulerAnglesHint: {x: 0, y: 0, z: 0}
--- !u!33 &6416915444427354777
MeshFilter:
  m_ObjectHideFlags: 0
  m_CorrespondingSourceObject: {fileID: 0}
  m_PrefabInstance: {fileID: 0}
  m_PrefabAsset: {fileID: 0}
  m_GameObject: {fileID: 6416915444427354780}
  m_Mesh: {fileID: 10202, guid: 0000000000000000e000000000000000, type: 0}
--- !u!23 &6416915444427354778
MeshRenderer:
  m_ObjectHideFlags: 0
  m_CorrespondingSourceObject: {fileID: 0}
  m_PrefabInstance: {fileID: 0}
  m_PrefabAsset: {fileID: 0}
  m_GameObject: {fileID: 6416915444427354780}
  m_Enabled: 0
  m_CastShadows: 1
  m_ReceiveShadows: 1
  m_DynamicOccludee: 1
  m_MotionVectors: 1
  m_LightProbeUsage: 1
  m_ReflectionProbeUsage: 1
  m_RayTracingMode: 2
  m_RayTraceProcedural: 0
  m_RenderingLayerMask: 1
  m_RendererPriority: 0
  m_Materials:
  - {fileID: 2100000, guid: 31321ba15b8f8eb4c954353edc038b1d, type: 2}
  m_StaticBatchInfo:
    firstSubMesh: 0
    subMeshCount: 0
  m_StaticBatchRoot: {fileID: 0}
  m_ProbeAnchor: {fileID: 0}
  m_LightProbeVolumeOverride: {fileID: 0}
  m_ScaleInLightmap: 1
  m_ReceiveGI: 1
  m_PreserveUVs: 0
  m_IgnoreNormalsForChartDetection: 0
  m_ImportantGI: 0
  m_StitchLightmapSeams: 1
  m_SelectedEditorRenderState: 3
  m_MinimumChartSize: 4
  m_AutoUVMaxDistance: 0.5
  m_AutoUVMaxAngle: 89
  m_LightmapParameters: {fileID: 0}
  m_SortingLayerID: 0
  m_SortingLayer: 0
  m_SortingOrder: 0
  m_AdditionalVertexStreams: {fileID: 0}
--- !u!1 &6416915444443380792
GameObject:
  m_ObjectHideFlags: 0
  m_CorrespondingSourceObject: {fileID: 0}
  m_PrefabInstance: {fileID: 0}
  m_PrefabAsset: {fileID: 0}
  serializedVersion: 6
  m_Component:
  - component: {fileID: 6416915444443380791}
  m_Layer: 0
  m_Name: Character1_LeftHandIndex3
  m_TagString: Untagged
  m_Icon: {fileID: 0}
  m_NavMeshLayer: 0
  m_StaticEditorFlags: 0
  m_IsActive: 1
--- !u!4 &6416915444443380791
Transform:
  m_ObjectHideFlags: 0
  m_CorrespondingSourceObject: {fileID: 0}
  m_PrefabInstance: {fileID: 0}
  m_PrefabAsset: {fileID: 0}
  m_GameObject: {fileID: 6416915444443380792}
  m_LocalRotation: {x: 0.014608297, y: 0.30839318, z: -0.07279398, w: 0.94835716}
  m_LocalPosition: {x: -0.02385654, y: 0.000010473757, z: 0.0017582121}
  m_LocalScale: {x: 1, y: 1, z: 1}
  m_Children:
  - {fileID: 6416915444932008440}
  m_Father: {fileID: 6416915443873250127}
  m_RootOrder: 0
  m_LocalEulerAnglesHint: {x: 0, y: 0, z: 0}
--- !u!1 &6416915444460305693
GameObject:
  m_ObjectHideFlags: 0
  m_CorrespondingSourceObject: {fileID: 0}
  m_PrefabInstance: {fileID: 0}
  m_PrefabAsset: {fileID: 0}
  serializedVersion: 6
  m_Component:
  - component: {fileID: 6416915444460305692}
  - component: {fileID: 6416915444460305690}
  - component: {fileID: 6416915444460305691}
  m_Layer: 0
  m_Name: Placement Interaction Base
  m_TagString: Untagged
  m_Icon: {fileID: 0}
  m_NavMeshLayer: 0
  m_StaticEditorFlags: 0
  m_IsActive: 1
--- !u!4 &6416915444460305692
Transform:
  m_ObjectHideFlags: 0
  m_CorrespondingSourceObject: {fileID: 0}
  m_PrefabInstance: {fileID: 0}
  m_PrefabAsset: {fileID: 0}
  m_GameObject: {fileID: 6416915444460305693}
  m_LocalRotation: {x: -0, y: -0, z: -0, w: 1}
  m_LocalPosition: {x: 0, y: 0, z: 0}
  m_LocalScale: {x: 1, y: 1, z: 1}
  m_Children:
  - {fileID: 6416915444003149821}
  - {fileID: 6416915444613364899}
  m_Father: {fileID: 6416915443776068811}
  m_RootOrder: 2
  m_LocalEulerAnglesHint: {x: 0, y: 0, z: 0}
--- !u!114 &6416915444460305690
MonoBehaviour:
  m_ObjectHideFlags: 0
  m_CorrespondingSourceObject: {fileID: 0}
  m_PrefabInstance: {fileID: 0}
  m_PrefabAsset: {fileID: 0}
  m_GameObject: {fileID: 6416915444460305693}
  m_Enabled: 1
  m_EditorHideFlags: 0
  m_Script: {fileID: 11500000, guid: 41f425a4a83914b04af3f1642c000f5d, type: 3}
  m_Name: 
  m_EditorClassIdentifier: 
  otherLookAtTarget: {fileID: 0}
  otherTargetsRoot: {fileID: 0}
  positionOffsetSpace: {fileID: 0}
  weightCurves:
  - type: 0
    curve:
      serializedVersion: 2
      m_Curve:
      - serializedVersion: 3
        time: 0.00040848274
        value: 0.00016491767
        inSlope: 1.9872676
        outSlope: 1.9872676
        tangentMode: 34
        weightedMode: 0
        inWeight: 0.33333334
        outWeight: 0.33333334
      - serializedVersion: 3
        time: 0.49817228
        value: 0.98935485
        inSlope: 0.02254498
        outSlope: 0.02254498
        tangentMode: 34
        weightedMode: 0
        inWeight: 0.33333334
        outWeight: 0.33333334
      - serializedVersion: 3
        time: 1.0029917
        value: 0.008905863
        inSlope: -1.9421777
        outSlope: -1.9421777
        tangentMode: 34
        weightedMode: 0
        inWeight: 0.33333334
        outWeight: 0.33333334
      m_PreInfinity: 2
      m_PostInfinity: 2
      m_RotationOrder: 0
  multipliers:
  - curve: 0
    multiplier: 1
    result: 7
  - curve: 11
    multiplier: 1
    result: 0
  - curve: 0
    multiplier: 1
    result: 10
  events:
  - time: 0.5
    pause: 0
    pickUp: 0
    animations: []
    messages: []
    unityEvent:
      m_PersistentCalls:
        m_Calls:
        - m_Target: {fileID: 6416915445204040143}
          m_TargetAssemblyTypeName: PropTypeFilter, Assembly-CSharp
          m_MethodName: OnAttemptInteraction
          m_Mode: 1
          m_Arguments:
            m_ObjectArgument: {fileID: 0}
            m_ObjectArgumentAssemblyTypeName: UnityEngine.Object, UnityEngine
            m_IntArgument: 0
            m_FloatArgument: 0
            m_StringArgument: 
            m_BoolArgument: 0
          m_CallState: 2
--- !u!114 &6416915444460305691
MonoBehaviour:
  m_ObjectHideFlags: 0
  m_CorrespondingSourceObject: {fileID: 0}
  m_PrefabInstance: {fileID: 0}
  m_PrefabAsset: {fileID: 0}
  m_GameObject: {fileID: 6416915444460305693}
  m_Enabled: 1
  m_EditorHideFlags: 0
  m_Script: {fileID: 11500000, guid: 33a94171fe6be0042a4fe8f5ca66f019, type: 3}
  m_Name: 
  m_EditorClassIdentifier: 
  currentThreshold: 0
  fuses: []
--- !u!1 &6416915444469109538
GameObject:
  m_ObjectHideFlags: 0
  m_CorrespondingSourceObject: {fileID: 0}
  m_PrefabInstance: {fileID: 0}
  m_PrefabAsset: {fileID: 0}
  serializedVersion: 6
  m_Component:
  - component: {fileID: 6416915444469109537}
  m_Layer: 0
  m_Name: Character1_LeftHandMiddle1
  m_TagString: Untagged
  m_Icon: {fileID: 0}
  m_NavMeshLayer: 0
  m_StaticEditorFlags: 0
  m_IsActive: 1
--- !u!4 &6416915444469109537
Transform:
  m_ObjectHideFlags: 0
  m_CorrespondingSourceObject: {fileID: 0}
  m_PrefabInstance: {fileID: 0}
  m_PrefabAsset: {fileID: 0}
  m_GameObject: {fileID: 6416915444469109538}
  m_LocalRotation: {x: 0, y: -0, z: -0.006217593, w: 0.9999807}
  m_LocalPosition: {x: -0.08809744, y: 0.005032647, z: -0.0022358112}
  m_LocalScale: {x: 1, y: 1, z: 1}
  m_Children:
  - {fileID: 6416915445603545891}
  m_Father: {fileID: 6416915444613364899}
  m_RootOrder: 1
  m_LocalEulerAnglesHint: {x: 0, y: 0, z: 0}
--- !u!1 &6416915444496801980
GameObject:
  m_ObjectHideFlags: 0
  m_CorrespondingSourceObject: {fileID: 0}
  m_PrefabInstance: {fileID: 0}
  m_PrefabAsset: {fileID: 0}
  serializedVersion: 6
  m_Component:
  - component: {fileID: 6416915444496801979}
  m_Layer: 0
  m_Name: Character1_LeftHandThumb4
  m_TagString: Untagged
  m_Icon: {fileID: 0}
  m_NavMeshLayer: 0
  m_StaticEditorFlags: 0
  m_IsActive: 1
--- !u!4 &6416915444496801979
Transform:
  m_ObjectHideFlags: 0
  m_CorrespondingSourceObject: {fileID: 0}
  m_PrefabInstance: {fileID: 0}
  m_PrefabAsset: {fileID: 0}
  m_GameObject: {fileID: 6416915444496801980}
  m_LocalRotation: {x: 0, y: 0, z: 0.17325915, w: 0.9848763}
  m_LocalPosition: {x: -0.017497867, y: -0.0000047775525, z: 0.016592514}
  m_LocalScale: {x: 1, y: 1, z: 1}
  m_Children: []
  m_Father: {fileID: 6416915443960889080}
  m_RootOrder: 0
  m_LocalEulerAnglesHint: {x: 0, y: 0, z: 0}
--- !u!1 &6416915444499244275
GameObject:
  m_ObjectHideFlags: 0
  m_CorrespondingSourceObject: {fileID: 0}
  m_PrefabInstance: {fileID: 0}
  m_PrefabAsset: {fileID: 0}
  serializedVersion: 6
  m_Component:
  - component: {fileID: 6416915444499244274}
  - component: {fileID: 6416915444499244270}
  - component: {fileID: 6416915444499244271}
  - component: {fileID: 6416915444499244272}
  - component: {fileID: 6416915444499244273}
  m_Layer: 17
  m_Name: 'ImpailmentKill '
  m_TagString: Untagged
  m_Icon: {fileID: 0}
  m_NavMeshLayer: 0
  m_StaticEditorFlags: 0
  m_IsActive: 0
--- !u!4 &6416915444499244274
Transform:
  m_ObjectHideFlags: 0
  m_CorrespondingSourceObject: {fileID: 0}
  m_PrefabInstance: {fileID: 0}
  m_PrefabAsset: {fileID: 0}
  m_GameObject: {fileID: 6416915444499244275}
  m_LocalRotation: {x: -0.5000007, y: 0.4999993, z: -0.4999993, w: 0.5000007}
  m_LocalPosition: {x: 0, y: 0, z: 0}
  m_LocalScale: {x: 2, y: 6.64, z: 2.2037828}
  m_Children: []
  m_Father: {fileID: 6416915444705017227}
  m_RootOrder: 0
  m_LocalEulerAnglesHint: {x: 0, y: 0, z: 0}
--- !u!114 &6416915444499244270
MonoBehaviour:
  m_ObjectHideFlags: 0
  m_CorrespondingSourceObject: {fileID: 0}
  m_PrefabInstance: {fileID: 0}
  m_PrefabAsset: {fileID: 0}
  m_GameObject: {fileID: 6416915444499244275}
  m_Enabled: 1
  m_EditorHideFlags: 0
  m_Script: {fileID: 11500000, guid: e3c876deb6c0c8241a199506b8783cfc, type: 3}
  m_Name: 
  m_EditorClassIdentifier: 
  TagFilterArray:
  - Enemy
  TrapIsActive: 1
  ActiveForOneFrame: 0
  trapActivated: 0
  isProjectile: 0
  CanDisable: 2
  numberDisabled: 0
  TriggerAfterActivation:
    m_PersistentCalls:
      m_Calls: []
--- !u!33 &6416915444499244271
MeshFilter:
  m_ObjectHideFlags: 0
  m_CorrespondingSourceObject: {fileID: 0}
  m_PrefabInstance: {fileID: 0}
  m_PrefabAsset: {fileID: 0}
  m_GameObject: {fileID: 6416915444499244275}
  m_Mesh: {fileID: 10202, guid: 0000000000000000e000000000000000, type: 0}
--- !u!23 &6416915444499244272
MeshRenderer:
  m_ObjectHideFlags: 0
  m_CorrespondingSourceObject: {fileID: 0}
  m_PrefabInstance: {fileID: 0}
  m_PrefabAsset: {fileID: 0}
  m_GameObject: {fileID: 6416915444499244275}
  m_Enabled: 0
  m_CastShadows: 1
  m_ReceiveShadows: 1
  m_DynamicOccludee: 1
  m_MotionVectors: 1
  m_LightProbeUsage: 1
  m_ReflectionProbeUsage: 1
  m_RayTracingMode: 2
  m_RayTraceProcedural: 0
  m_RenderingLayerMask: 1
  m_RendererPriority: 0
  m_Materials:
  - {fileID: 2100000, guid: 31321ba15b8f8eb4c954353edc038b1d, type: 2}
  m_StaticBatchInfo:
    firstSubMesh: 0
    subMeshCount: 0
  m_StaticBatchRoot: {fileID: 0}
  m_ProbeAnchor: {fileID: 0}
  m_LightProbeVolumeOverride: {fileID: 0}
  m_ScaleInLightmap: 1
  m_ReceiveGI: 1
  m_PreserveUVs: 0
  m_IgnoreNormalsForChartDetection: 0
  m_ImportantGI: 0
  m_StitchLightmapSeams: 1
  m_SelectedEditorRenderState: 3
  m_MinimumChartSize: 4
  m_AutoUVMaxDistance: 0.5
  m_AutoUVMaxAngle: 89
  m_LightmapParameters: {fileID: 0}
  m_SortingLayerID: 0
  m_SortingLayer: 0
  m_SortingOrder: 0
  m_AdditionalVertexStreams: {fileID: 0}
--- !u!65 &6416915444499244273
BoxCollider:
  m_ObjectHideFlags: 0
  m_CorrespondingSourceObject: {fileID: 0}
  m_PrefabInstance: {fileID: 0}
  m_PrefabAsset: {fileID: 0}
  m_GameObject: {fileID: 6416915444499244275}
  m_Material: {fileID: 0}
  m_IsTrigger: 1
  m_Enabled: 1
  serializedVersion: 2
  m_Size: {x: 0.09681702, y: 0.029264882, z: 0.34193978}
  m_Center: {x: -0.052132037, y: 0.00026355643, z: 0.1300211}
--- !u!1 &6416915444505093713
GameObject:
  m_ObjectHideFlags: 0
  m_CorrespondingSourceObject: {fileID: 0}
  m_PrefabInstance: {fileID: 0}
  m_PrefabAsset: {fileID: 0}
  serializedVersion: 6
  m_Component:
  - component: {fileID: 6416915444505093712}
  m_Layer: 0
  m_Name: Character1_LeftHandMiddle4
  m_TagString: Untagged
  m_Icon: {fileID: 0}
  m_NavMeshLayer: 0
  m_StaticEditorFlags: 0
  m_IsActive: 1
--- !u!4 &6416915444505093712
Transform:
  m_ObjectHideFlags: 0
  m_CorrespondingSourceObject: {fileID: 0}
  m_PrefabInstance: {fileID: 0}
  m_PrefabAsset: {fileID: 0}
  m_GameObject: {fileID: 6416915444505093713}
  m_LocalRotation: {x: 0.00038187904, y: -0.004713648, z: 0.17321496, w: 0.9848727}
  m_LocalPosition: {x: -0.020056318, y: -0.000005405077, z: -0.0000062480854}
  m_LocalScale: {x: 1, y: 1, z: 1}
  m_Children: []
  m_Father: {fileID: 6416915444099436565}
  m_RootOrder: 0
  m_LocalEulerAnglesHint: {x: 0, y: 0, z: 0}
--- !u!1 &6416915444554372807
GameObject:
  m_ObjectHideFlags: 0
  m_CorrespondingSourceObject: {fileID: 0}
  m_PrefabInstance: {fileID: 0}
  m_PrefabAsset: {fileID: 0}
  serializedVersion: 6
  m_Component:
  - component: {fileID: 6416915444554372806}
  m_Layer: 0
  m_Name: Character1_LeftHandThumb2
  m_TagString: Untagged
  m_Icon: {fileID: 0}
  m_NavMeshLayer: 0
  m_StaticEditorFlags: 0
  m_IsActive: 1
--- !u!4 &6416915444554372806
Transform:
  m_ObjectHideFlags: 0
  m_CorrespondingSourceObject: {fileID: 0}
  m_PrefabInstance: {fileID: 0}
  m_PrefabAsset: {fileID: 0}
  m_GameObject: {fileID: 6416915444554372807}
  m_LocalRotation: {x: 0, y: 0, z: 0.024867967, w: 0.9996908}
  m_LocalPosition: {x: -0.00896754, y: -0.0053650225, z: 0.018427372}
  m_LocalScale: {x: 1, y: 1, z: 1}
  m_Children:
  - {fileID: 6416915444574568473}
  m_Father: {fileID: 6416915444914798280}
  m_RootOrder: 0
  m_LocalEulerAnglesHint: {x: 0, y: 0, z: 0}
--- !u!1 &6416915444574568474
GameObject:
  m_ObjectHideFlags: 0
  m_CorrespondingSourceObject: {fileID: 0}
  m_PrefabInstance: {fileID: 0}
  m_PrefabAsset: {fileID: 0}
  serializedVersion: 6
  m_Component:
  - component: {fileID: 6416915444574568473}
  m_Layer: 0
  m_Name: Character1_LeftHandThumb3
  m_TagString: Untagged
  m_Icon: {fileID: 0}
  m_NavMeshLayer: 0
  m_StaticEditorFlags: 0
  m_IsActive: 1
--- !u!4 &6416915444574568473
Transform:
  m_ObjectHideFlags: 0
  m_CorrespondingSourceObject: {fileID: 0}
  m_PrefabInstance: {fileID: 0}
  m_PrefabAsset: {fileID: 0}
  m_GameObject: {fileID: 6416915444574568474}
  m_LocalRotation: {x: 0, y: -0, z: -0.07454498, w: 0.99721766}
  m_LocalPosition: {x: -0.011895337, y: 0.000005210889, z: 0.019212574}
  m_LocalScale: {x: 1, y: 1, z: 1}
  m_Children:
  - {fileID: 6416915445466379553}
  m_Father: {fileID: 6416915444554372806}
  m_RootOrder: 0
  m_LocalEulerAnglesHint: {x: 0, y: 0, z: 0}
--- !u!1 &6416915444613364900
GameObject:
  m_ObjectHideFlags: 0
  m_CorrespondingSourceObject: {fileID: 0}
  m_PrefabInstance: {fileID: 0}
  m_PrefabAsset: {fileID: 0}
  serializedVersion: 6
  m_Component:
  - component: {fileID: 6416915444613364899}
  - component: {fileID: 6416915444613364897}
  - component: {fileID: 6416915444613364898}
  m_Layer: 0
  m_Name: Character1_LeftHand
  m_TagString: Untagged
  m_Icon: {fileID: 0}
  m_NavMeshLayer: 0
  m_StaticEditorFlags: 0
  m_IsActive: 1
--- !u!4 &6416915444613364899
Transform:
  m_ObjectHideFlags: 0
  m_CorrespondingSourceObject: {fileID: 0}
  m_PrefabInstance: {fileID: 0}
  m_PrefabAsset: {fileID: 0}
  m_GameObject: {fileID: 6416915444613364900}
  m_LocalRotation: {x: -0.7165067, y: 0.012084709, z: 0.69743603, w: -0.0074258195}
  m_LocalPosition: {x: -0.0011, y: 0.0848, z: -0.091}
  m_LocalScale: {x: 1, y: 1, z: 1}
  m_Children:
  - {fileID: 6416915444021587401}
  - {fileID: 6416915444469109537}
  - {fileID: 6416915445714964488}
  - {fileID: 6416915444914798280}
  - {fileID: 6416915445034546169}
  m_Father: {fileID: 6416915444460305692}
  m_RootOrder: 1
  m_LocalEulerAnglesHint: {x: -0.356, y: 268.45, z: -178.414}
--- !u!114 &6416915444613364897
MonoBehaviour:
  m_ObjectHideFlags: 0
  m_CorrespondingSourceObject: {fileID: 0}
  m_PrefabInstance: {fileID: 0}
  m_PrefabAsset: {fileID: 0}
  m_GameObject: {fileID: 6416915444613364900}
  m_Enabled: 1
  m_EditorHideFlags: 0
  m_Script: {fileID: 11500000, guid: a98c3501ec8dc43c8a64321bd55c3f63, type: 3}
  m_Name: 
  m_EditorClassIdentifier: 
  fixTransforms: 1
  poseRoot: {fileID: 0}
  weight: 1
  localRotationWeight: 1
  localPositionWeight: 0
--- !u!114 &6416915444613364898
MonoBehaviour:
  m_ObjectHideFlags: 0
  m_CorrespondingSourceObject: {fileID: 0}
  m_PrefabInstance: {fileID: 0}
  m_PrefabAsset: {fileID: 0}
  m_GameObject: {fileID: 6416915444613364900}
  m_Enabled: 1
  m_EditorHideFlags: 0
  m_Script: {fileID: 11500000, guid: 4c15924752853459490d29011ba18d1d, type: 3}
  m_Name: 
  m_EditorClassIdentifier: 
  effectorType: 5
  multipliers: []
  interactionSpeedMlp: 1
  pivot: {fileID: 0}
  rotationMode: 0
  twistAxis: {x: 0, y: 1, z: 0}
  twistWeight: 1
  swingWeight: 0
  threeDOFWeight: 1
  rotateOnce: 1
--- !u!1 &6416915444705017230
GameObject:
  m_ObjectHideFlags: 0
  m_CorrespondingSourceObject: {fileID: 0}
  m_PrefabInstance: {fileID: 0}
  m_PrefabAsset: {fileID: 0}
  serializedVersion: 6
  m_Component:
  - component: {fileID: 6416915444705017227}
  - component: {fileID: 6416915444705017228}
  - component: {fileID: 6416915444705017229}
  m_Layer: 9
  m_Name: collider
  m_TagString: Untagged
  m_Icon: {fileID: 0}
  m_NavMeshLayer: 0
  m_StaticEditorFlags: 0
  m_IsActive: 1
--- !u!4 &6416915444705017227
Transform:
  m_ObjectHideFlags: 0
  m_CorrespondingSourceObject: {fileID: 0}
  m_PrefabInstance: {fileID: 0}
  m_PrefabAsset: {fileID: 0}
  m_GameObject: {fileID: 6416915444705017230}
  m_LocalRotation: {x: 0.5000007, y: -0.4999993, z: 0.4999993, w: 0.5000007}
  m_LocalPosition: {x: 0.06, y: 0.02, z: 0}
  m_LocalScale: {x: 1, y: 0.5, z: 0.5}
  m_Children:
  - {fileID: 6416915444499244274}
  m_Father: {fileID: 6416915444708456622}
  m_RootOrder: 6
  m_LocalEulerAnglesHint: {x: 90, y: 0, z: 90}
--- !u!64 &6416915444705017228
MeshCollider:
  m_ObjectHideFlags: 0
  m_CorrespondingSourceObject: {fileID: 0}
  m_PrefabInstance: {fileID: 0}
  m_PrefabAsset: {fileID: 0}
  m_GameObject: {fileID: 6416915444705017230}
  m_Material: {fileID: 0}
  m_IsTrigger: 0
  m_Enabled: 1
  serializedVersion: 4
  m_Convex: 1
  m_CookingOptions: 30
  m_Mesh: {fileID: 7998806513205308417, guid: 3fb3e7c23ac128e46ac482a2b7f509b7, type: 3}
--- !u!114 &6416915444705017229
MonoBehaviour:
  m_ObjectHideFlags: 0
  m_CorrespondingSourceObject: {fileID: 0}
  m_PrefabInstance: {fileID: 0}
  m_PrefabAsset: {fileID: 0}
  m_GameObject: {fileID: 6416915444705017230}
  m_Enabled: 1
  m_EditorHideFlags: 0
  m_Script: {fileID: 11500000, guid: 46cff699b70c94b479ca692ea4698a2b, type: 3}
  m_Name: 
  m_EditorClassIdentifier: 
  rb: {fileID: 0}
  lethalForce: 50
  rootObject: {fileID: 6416915444708456633}
  TagFilterArray:
  - Enemy
  OnProjectileFired:
    m_PersistentCalls:
      m_Calls: []
--- !u!1 &6416915444708456633
GameObject:
  m_ObjectHideFlags: 0
  m_CorrespondingSourceObject: {fileID: 0}
  m_PrefabInstance: {fileID: 0}
  m_PrefabAsset: {fileID: 0}
  serializedVersion: 6
  m_Component:
  - component: {fileID: 6416915444708456622}
  - component: {fileID: 6416915444708456623}
  - component: {fileID: 6416915444708456624}
  - component: {fileID: 6416915444708456625}
  - component: {fileID: 6416915444708456626}
  - component: {fileID: 6416915444708456627}
  - component: {fileID: 6416915444708456628}
  - component: {fileID: 6416915444708456630}
  - component: {fileID: 6416915444708456621}
  m_Layer: 9
  m_Name: Stick Projectile
  m_TagString: Untagged
  m_Icon: {fileID: 0}
  m_NavMeshLayer: 0
  m_StaticEditorFlags: 0
  m_IsActive: 1
--- !u!4 &6416915444708456622
Transform:
  m_ObjectHideFlags: 0
  m_CorrespondingSourceObject: {fileID: 0}
  m_PrefabInstance: {fileID: 0}
  m_PrefabAsset: {fileID: 0}
  m_GameObject: {fileID: 6416915444708456633}
  m_LocalRotation: {x: -0, y: -0, z: -0, w: 1}
  m_LocalPosition: {x: 72.93, y: -17.36714, z: -178.59601}
  m_LocalScale: {x: 1, y: 1, z: 1}
  m_Children:
  - {fileID: 6416915445051630881}
  - {fileID: 6416915445525927015}
  - {fileID: 6416915444427354779}
  - {fileID: 6416915443859415650}
  - {fileID: 6416915444825520716}
  - {fileID: 6416915443776068811}
  - {fileID: 6416915444705017227}
  m_Father: {fileID: 0}
  m_RootOrder: 0
  m_LocalEulerAnglesHint: {x: 0, y: 0, z: 0}
--- !u!114 &6416915444708456623
MonoBehaviour:
  m_ObjectHideFlags: 0
  m_CorrespondingSourceObject: {fileID: 0}
  m_PrefabInstance: {fileID: 0}
  m_PrefabAsset: {fileID: 0}
  m_GameObject: {fileID: 6416915444708456633}
  m_Enabled: 1
  m_EditorHideFlags: 0
  m_Script: {fileID: 11500000, guid: 437d6ec63157d574988cc83cdc7c2dac, type: 3}
  m_Name: 
  m_EditorClassIdentifier: 
  meshRoot: {fileID: 6416915443859415650}
  muscleProps:
    group: 8
    mappingWeight: 1
    pinWeight: 1
    muscleWeight: 1
    muscleDamper: 1
    internalCollisionIgnores:
      ignoreAll: 0
      muscles: []
      groups: 
    animatedTargetChildren: []
  forceLayers: 1
  mass: 1
  propType: 0
  pickedUpMaterial: {fileID: 0}
  additionalPinOffsetAdd: {x: 0, y: 0, z: 0}
  additionalPinWeight: 1
  additionalPinMass: 1
--- !u!114 &6416915444708456624
MonoBehaviour:
  m_ObjectHideFlags: 0
  m_CorrespondingSourceObject: {fileID: 0}
  m_PrefabInstance: {fileID: 0}
  m_PrefabAsset: {fileID: 0}
  m_GameObject: {fileID: 6416915444708456633}
  m_Enabled: 0
  m_EditorHideFlags: 0
  m_Script: {fileID: 11500000, guid: 52de206d801d27543b86a962f9b3b126, type: 3}
  m_Name: 
  m_EditorClassIdentifier: 
  meshRoot: {fileID: 6416915443859415650}
  muscleProps:
    group: 8
    mappingWeight: 1
    pinWeight: 1
    muscleWeight: 1
    muscleDamper: 1
    internalCollisionIgnores:
      ignoreAll: 0
      muscles: []
      groups: 
    animatedTargetChildren: []
  forceLayers: 1
  mass: 1
  propType: 0
  pickedUpMaterial: {fileID: 0}
  additionalPinOffsetAdd: {x: 0, y: 0, z: 0}
  additionalPinWeight: 1
  additionalPinMass: 5
  capsuleCollider: {fileID: 6416915445525927016}
  boxCollider: {fileID: 0}
  actionColliderRadiusMlp: 1
  actionAdditionalPinWeight: 1
  actionMassMlp: 1
  COMOffset: {x: 0, y: 0, z: 0.76}
--- !u!54 &6416915444708456625
Rigidbody:
  m_ObjectHideFlags: 0
  m_CorrespondingSourceObject: {fileID: 0}
  m_PrefabInstance: {fileID: 0}
  m_PrefabAsset: {fileID: 0}
  m_GameObject: {fileID: 6416915444708456633}
  serializedVersion: 2
  m_Mass: 1
  m_Drag: 0
  m_AngularDrag: 0.05
  m_UseGravity: 1
  m_IsKinematic: 0
  m_Interpolate: 0
  m_Constraints: 0
  m_CollisionDetection: 3
--- !u!114 &6416915444708456626
MonoBehaviour:
  m_ObjectHideFlags: 0
  m_CorrespondingSourceObject: {fileID: 0}
  m_PrefabInstance: {fileID: 0}
  m_PrefabAsset: {fileID: 0}
  m_GameObject: {fileID: 6416915444708456633}
  m_Enabled: 1
  m_EditorHideFlags: 0
  m_Script: {fileID: 11500000, guid: 41f425a4a83914b04af3f1642c000f5d, type: 3}
  m_Name: 
  m_EditorClassIdentifier: 
  otherLookAtTarget: {fileID: 0}
  otherTargetsRoot: {fileID: 0}
  positionOffsetSpace: {fileID: 0}
  weightCurves:
  - type: 0
    curve:
      serializedVersion: 2
      m_Curve:
      - serializedVersion: 3
        time: 0
        value: 0
        inSlope: 2
        outSlope: 2
        tangentMode: 34
        weightedMode: 0
        inWeight: 0.33333334
        outWeight: 0.33333334
      - serializedVersion: 3
        time: 0.5
        value: 1
        inSlope: 0
        outSlope: 0
        tangentMode: 0
        weightedMode: 0
        inWeight: 0.33333334
        outWeight: 0.33333334
      - serializedVersion: 3
        time: 0.575801
        value: 0.9940892
        inSlope: 0
        outSlope: 0
        tangentMode: 0
        weightedMode: 0
        inWeight: 0.33333334
        outWeight: 0.33333334
      - serializedVersion: 3
        time: 1.0010451
        value: -0.003091164
        inSlope: -2.34496
        outSlope: -2.34496
        tangentMode: 34
        weightedMode: 0
        inWeight: 0.33333334
        outWeight: 0.33333334
      m_PreInfinity: 2
      m_PostInfinity: 2
      m_RotationOrder: 0
  multipliers:
  - curve: 0
    multiplier: 1
    result: 7
  events:
  - time: 0.5
    pause: 0
    pickUp: 0
    animations: []
    messages: []
    unityEvent:
      m_PersistentCalls:
        m_Calls:
        - m_Target: {fileID: 6416915444825520724}
          m_TargetAssemblyTypeName: PickUpItem, Assembly-CSharp
          m_MethodName: PuppetMasterPickUp
          m_Mode: 1
          m_Arguments:
            m_ObjectArgument: {fileID: 0}
            m_ObjectArgumentAssemblyTypeName: UnityEngine.Object, UnityEngine
            m_IntArgument: 0
            m_FloatArgument: 0
            m_StringArgument: 
            m_BoolArgument: 0
          m_CallState: 2
--- !u!114 &6416915444708456627
MonoBehaviour:
  m_ObjectHideFlags: 0
  m_CorrespondingSourceObject: {fileID: 0}
  m_PrefabInstance: {fileID: 0}
  m_PrefabAsset: {fileID: 0}
  m_GameObject: {fileID: 6416915444708456633}
  m_Enabled: 1
  m_EditorHideFlags: 0
  m_Script: {fileID: 11500000, guid: 5405d3fc16a5b4a0bada53e2da651d3a, type: 3}
  m_Name: 
  m_EditorClassIdentifier: 
  effectorLinks:
  - effector: 5
    offset: {x: 0, y: 0, z: 0}
    pin: {x: 0, y: 0, z: 0}
    pinWeight: {x: 0, y: 0, z: 0}
--- !u!114 &6416915444708456628
MonoBehaviour:
  m_ObjectHideFlags: 0
  m_CorrespondingSourceObject: {fileID: 0}
  m_PrefabInstance: {fileID: 0}
  m_PrefabAsset: {fileID: 0}
  m_GameObject: {fileID: 6416915444708456633}
  m_Enabled: 1
  m_EditorHideFlags: 0
  m_Script: {fileID: 11500000, guid: 98b3570d7bf206a44a7f1c2a5ec39743, type: 3}
  m_Name: 
  m_EditorClassIdentifier: 
  mass: 1
  mountingPoint: {fileID: 0}
  DisplayMesh: {fileID: 0}
  pickUpItem: {fileID: 6416915444825520724}
  pivot: {fileID: 6416915444427354779}
  meshRoot: {fileID: 6416915443859415650}
  ObjectPlacedEvent:
    m_PersistentCalls:
      m_Calls:
      - m_Target: {fileID: 6416915444708456630}
        m_TargetAssemblyTypeName: ComponentActivationManager, Assembly-CSharp
        m_MethodName: EnableComponents
        m_Mode: 1
        m_Arguments:
          m_ObjectArgument: {fileID: 0}
          m_ObjectArgumentAssemblyTypeName: UnityEngine.Object, UnityEngine
          m_IntArgument: 0
          m_FloatArgument: 0
          m_StringArgument: 
          m_BoolArgument: 0
        m_CallState: 2
  ObjectRemovedEvent:
    m_PersistentCalls:
      m_Calls:
      - m_Target: {fileID: 6416915444708456630}
        m_TargetAssemblyTypeName: ComponentActivationManager, Assembly-CSharp
        m_MethodName: DisableComponents
        m_Mode: 1
        m_Arguments:
          m_ObjectArgument: {fileID: 0}
          m_ObjectArgumentAssemblyTypeName: UnityEngine.Object, UnityEngine
          m_IntArgument: 0
          m_FloatArgument: 0
          m_StringArgument: 
          m_BoolArgument: 0
        m_CallState: 2
  itemBounds:
    m_Center: {x: 0, y: 0, z: 0}
    m_Extent: {x: 0, y: 0, z: 0}
  placementGrid: {fileID: 0}
  placedOnSlots: []
  statePlacing: 0
  meshColliders: []
  meshes: []
--- !u!114 &6416915444708456630
MonoBehaviour:
  m_ObjectHideFlags: 0
  m_CorrespondingSourceObject: {fileID: 0}
  m_PrefabInstance: {fileID: 0}
  m_PrefabAsset: {fileID: 0}
  m_GameObject: {fileID: 6416915444708456633}
  m_Enabled: 1
  m_EditorHideFlags: 0
  m_Script: {fileID: 11500000, guid: c33124a59f8c1d5478ca11247230b778, type: 3}
  m_Name: 
  m_EditorClassIdentifier: 
  Components: []
  gameObjects:
  - {fileID: 6416915445204040146}
  - {fileID: 6416915444499244275}
--- !u!114 &6416915444708456621
MonoBehaviour:
  m_ObjectHideFlags: 0
  m_CorrespondingSourceObject: {fileID: 0}
  m_PrefabInstance: {fileID: 0}
  m_PrefabAsset: {fileID: 0}
  m_GameObject: {fileID: 6416915444708456633}
  m_Enabled: 1
  m_EditorHideFlags: 0
  m_Script: {fileID: 11500000, guid: 1a2adb3ce06f22f49a73c2c28c7fbf4e, type: 3}
  m_Name: 
  m_EditorClassIdentifier: 
  TagFilterArray:
  - Enemy
  EffectOnCollision: {fileID: 142342, guid: 77b4317eb5e4b4f7396e6793775114c0, type: 3}
  ContinuousEffect: {fileID: 0}
  continuousEffectInstance: {fileID: 0}
--- !u!1 &6416915444825520725
GameObject:
  m_ObjectHideFlags: 0
  m_CorrespondingSourceObject: {fileID: 0}
  m_PrefabInstance: {fileID: 0}
  m_PrefabAsset: {fileID: 0}
  serializedVersion: 6
  m_Component:
  - component: {fileID: 6416915444825520716}
  - component: {fileID: 6416915444825520717}
  - component: {fileID: 6416915444825520723}
  - component: {fileID: 6416915444825520718}
  - component: {fileID: 6416915444825520719}
  - component: {fileID: 6416915444825520720}
  - component: {fileID: 6416915444825520724}
  - component: {fileID: 6416915444825520721}
  - component: {fileID: 6416915444825520722}
  m_Layer: 0
  m_Name: Pickup Item Trigger
  m_TagString: Untagged
  m_Icon: {fileID: 0}
  m_NavMeshLayer: 0
  m_StaticEditorFlags: 0
  m_IsActive: 1
--- !u!4 &6416915444825520716
Transform:
  m_ObjectHideFlags: 0
  m_CorrespondingSourceObject: {fileID: 0}
  m_PrefabInstance: {fileID: 0}
  m_PrefabAsset: {fileID: 0}
  m_GameObject: {fileID: 6416915444825520725}
  m_LocalRotation: {x: 0, y: 0, z: 0, w: 1}
  m_LocalPosition: {x: 0, y: 0, z: 0}
  m_LocalScale: {x: 1, y: 1, z: 1}
  m_Children:
  - {fileID: 6416915445104138013}
  m_Father: {fileID: 6416915444708456622}
  m_RootOrder: 4
  m_LocalEulerAnglesHint: {x: 0, y: 0, z: 0}
--- !u!135 &6416915444825520717
SphereCollider:
  m_ObjectHideFlags: 0
  m_CorrespondingSourceObject: {fileID: 0}
  m_PrefabInstance: {fileID: 0}
  m_PrefabAsset: {fileID: 0}
  m_GameObject: {fileID: 6416915444825520725}
  m_Material: {fileID: 0}
  m_IsTrigger: 1
  m_Enabled: 1
  serializedVersion: 2
  m_Radius: 1
  m_Center: {x: 0, y: 0, z: 0}
--- !u!114 &6416915444825520723
MonoBehaviour:
  m_ObjectHideFlags: 0
  m_CorrespondingSourceObject: {fileID: 0}
  m_PrefabInstance: {fileID: 0}
  m_PrefabAsset: {fileID: 0}
  m_GameObject: {fileID: 6416915444825520725}
  m_Enabled: 1
  m_EditorHideFlags: 0
  m_Script: {fileID: 11500000, guid: 271d39b80226e4699829647c96a98758, type: 3}
  m_Name: 
  m_EditorClassIdentifier: 
  ranges:
  - name: 'RightHand: Stick Projectile'
    show: 1
    characterPosition:
      use: 1
      offset: {x: 0, y: 0}
      angleOffset: 0
      maxAngle: 180
      radius: 0.9
      orbit: 1
      fixYAxis: 1
    cameraPosition:
      lookAtTarget: {fileID: 0}
      direction: {x: 0, y: 0, z: 0}
      maxDistance: 0
      maxAngle: 0
      fixYAxis: 0
    interactions:
    - interactionObject: {fileID: 6416915444708456626}
      effectors: 06000000
--- !u!54 &6416915444825520718
Rigidbody:
  m_ObjectHideFlags: 0
  m_CorrespondingSourceObject: {fileID: 0}
  m_PrefabInstance: {fileID: 0}
  m_PrefabAsset: {fileID: 0}
  m_GameObject: {fileID: 6416915444825520725}
  serializedVersion: 2
  m_Mass: 1
  m_Drag: 0
  m_AngularDrag: 0.05
  m_UseGravity: 1
  m_IsKinematic: 1
  m_Interpolate: 0
  m_Constraints: 0
  m_CollisionDetection: 3
--- !u!114 &6416915444825520719
MonoBehaviour:
  m_ObjectHideFlags: 0
  m_CorrespondingSourceObject: {fileID: 0}
  m_PrefabInstance: {fileID: 0}
  m_PrefabAsset: {fileID: 0}
  m_GameObject: {fileID: 6416915444825520725}
  m_Enabled: 1
  m_EditorHideFlags: 0
  m_Script: {fileID: 11500000, guid: 5502113011800284b93cb8669129d750, type: 3}
  m_Name: 
  m_EditorClassIdentifier: 
  displaying: 0
  DefaultMesh: {fileID: 6416915444825520720}
  DisplayMesh: {fileID: 6416915445104138012}
  DisplayRenderer: {fileID: 6416915445104138014}
  pivot: {fileID: 0}
  AddToScale: 0
  highlightMaterial: {fileID: 2100000, guid: edb42ecbe9220974ca4bf9703ff3e8f0, type: 2}
--- !u!33 &6416915444825520720
MeshFilter:
  m_ObjectHideFlags: 0
  m_CorrespondingSourceObject: {fileID: 0}
  m_PrefabInstance: {fileID: 0}
  m_PrefabAsset: {fileID: 0}
  m_GameObject: {fileID: 6416915444825520725}
  m_Mesh: {fileID: 7998806513205308417, guid: 3fb3e7c23ac128e46ac482a2b7f509b7, type: 3}
--- !u!114 &6416915444825520724
MonoBehaviour:
  m_ObjectHideFlags: 0
  m_CorrespondingSourceObject: {fileID: 0}
  m_PrefabInstance: {fileID: 0}
  m_PrefabAsset: {fileID: 0}
  m_GameObject: {fileID: 6416915444825520725}
  m_Enabled: 1
  m_EditorHideFlags: 0
  m_Script: {fileID: 11500000, guid: b00b52f37aba5da40a528f3cd7901de4, type: 3}
  m_Name: 
  m_EditorClassIdentifier: 
  itemToPickUp: {fileID: 6416915444708456626}
  proptype:
  - {fileID: 11400000, guid: 433fafdfb630a0747badbe88a69b50bd, type: 2}
  - {fileID: 11400000, guid: cba635f056d5e2d42b4d517e81e024c1, type: 2}
  PlacementSystem: {fileID: 6416915445204040142}
  componentManager: {fileID: 0}
  holdPose: {fileID: 0}
  holdWeight: 0
  ik: {fileID: 0}
  userInput: {fileID: 0}
  stateDropping: 0
  PlayerID: 0
  statePlacing: 0
  interactionTrigger: {fileID: 0}
  propGrabbed: 0
  isPuppetmasterProp: 1
  prop: {fileID: 6416915444708456623}
  propMuscle: {fileID: 0}
  trigger: {fileID: 6416915444825520723}
  placeableItem: {fileID: 6416915444708456628}
--- !u!114 &6416915444825520721
MonoBehaviour:
  m_ObjectHideFlags: 0
  m_CorrespondingSourceObject: {fileID: 0}
  m_PrefabInstance: {fileID: 0}
  m_PrefabAsset: {fileID: 0}
  m_GameObject: {fileID: 6416915444825520725}
  m_Enabled: 1
  m_EditorHideFlags: 0
  m_Script: {fileID: 11500000, guid: 5405d3fc16a5b4a0bada53e2da651d3a, type: 3}
  m_Name: 
  m_EditorClassIdentifier: 
  effectorLinks: []
--- !u!114 &6416915444825520722
MonoBehaviour:
  m_ObjectHideFlags: 0
  m_CorrespondingSourceObject: {fileID: 0}
  m_PrefabInstance: {fileID: 0}
  m_PrefabAsset: {fileID: 0}
  m_GameObject: {fileID: 6416915444825520725}
  m_Enabled: 1
  m_EditorHideFlags: 0
  m_Script: {fileID: 11500000, guid: c33124a59f8c1d5478ca11247230b778, type: 3}
  m_Name: 
  m_EditorClassIdentifier: 
  Components: []
  gameObjects:
  - {fileID: 6416915444705017230}
--- !u!1 &6416915444841390105
GameObject:
  m_ObjectHideFlags: 0
  m_CorrespondingSourceObject: {fileID: 0}
  m_PrefabInstance: {fileID: 0}
  m_PrefabAsset: {fileID: 0}
  serializedVersion: 6
  m_Component:
  - component: {fileID: 6416915444841390104}
  m_Layer: 0
  m_Name: Character1_LeftHandPinky2
  m_TagString: Untagged
  m_Icon: {fileID: 0}
  m_NavMeshLayer: 0
  m_StaticEditorFlags: 0
  m_IsActive: 1
--- !u!4 &6416915444841390104
Transform:
  m_ObjectHideFlags: 0
  m_CorrespondingSourceObject: {fileID: 0}
  m_PrefabInstance: {fileID: 0}
  m_PrefabAsset: {fileID: 0}
  m_GameObject: {fileID: 6416915444841390105}
  m_LocalRotation: {x: 0, y: 0, z: 0.024874626, w: 0.9996906}
  m_LocalPosition: {x: -0.034370814, y: -0.000015031935, z: -8.881784e-18}
  m_LocalScale: {x: 1, y: 1, z: 1}
  m_Children:
  - {fileID: 6416915443814799293}
  m_Father: {fileID: 6416915445714964488}
  m_RootOrder: 0
  m_LocalEulerAnglesHint: {x: 0, y: 0, z: 0}
--- !u!1 &6416915444889912107
GameObject:
  m_ObjectHideFlags: 0
  m_CorrespondingSourceObject: {fileID: 0}
  m_PrefabInstance: {fileID: 0}
  m_PrefabAsset: {fileID: 0}
  serializedVersion: 6
  m_Component:
  - component: {fileID: 6416915444889912106}
  m_Layer: 0
  m_Name: Character1_LeftHandThumb2
  m_TagString: Untagged
  m_Icon: {fileID: 0}
  m_NavMeshLayer: 0
  m_StaticEditorFlags: 0
  m_IsActive: 1
--- !u!4 &6416915444889912106
Transform:
  m_ObjectHideFlags: 0
  m_CorrespondingSourceObject: {fileID: 0}
  m_PrefabInstance: {fileID: 0}
  m_PrefabAsset: {fileID: 0}
  m_GameObject: {fileID: 6416915444889912107}
  m_LocalRotation: {x: 0, y: 0, z: 0.024867967, w: 0.9996908}
  m_LocalPosition: {x: -0.00896754, y: -0.0053650225, z: 0.018427372}
  m_LocalScale: {x: 1, y: 1, z: 1}
  m_Children:
  - {fileID: 6416915443960889080}
  m_Father: {fileID: 6416915445446305341}
  m_RootOrder: 0
  m_LocalEulerAnglesHint: {x: 0, y: 0, z: 0}
--- !u!1 &6416915444914798281
GameObject:
  m_ObjectHideFlags: 0
  m_CorrespondingSourceObject: {fileID: 0}
  m_PrefabInstance: {fileID: 0}
  m_PrefabAsset: {fileID: 0}
  serializedVersion: 6
  m_Component:
  - component: {fileID: 6416915444914798280}
  m_Layer: 0
  m_Name: Character1_LeftHandThumb1
  m_TagString: Untagged
  m_Icon: {fileID: 0}
  m_NavMeshLayer: 0
  m_StaticEditorFlags: 0
  m_IsActive: 1
--- !u!4 &6416915444914798280
Transform:
  m_ObjectHideFlags: 0
  m_CorrespondingSourceObject: {fileID: 0}
  m_PrefabInstance: {fileID: 0}
  m_PrefabAsset: {fileID: 0}
  m_GameObject: {fileID: 6416915444914798281}
  m_LocalRotation: {x: 0, y: -0, z: -0.006217593, w: 0.9999807}
  m_LocalPosition: {x: -0.026460476, y: -0.0079778945, z: 0.02186527}
  m_LocalScale: {x: 1, y: 1, z: 1}
  m_Children:
  - {fileID: 6416915444554372806}
  m_Father: {fileID: 6416915444613364899}
  m_RootOrder: 3
  m_LocalEulerAnglesHint: {x: 0, y: 0, z: 0}
--- !u!1 &6416915444932008441
GameObject:
  m_ObjectHideFlags: 0
  m_CorrespondingSourceObject: {fileID: 0}
  m_PrefabInstance: {fileID: 0}
  m_PrefabAsset: {fileID: 0}
  serializedVersion: 6
  m_Component:
  - component: {fileID: 6416915444932008440}
  m_Layer: 0
  m_Name: Character1_LeftHandIndex4
  m_TagString: Untagged
  m_Icon: {fileID: 0}
  m_NavMeshLayer: 0
  m_StaticEditorFlags: 0
  m_IsActive: 1
--- !u!4 &6416915444932008440
Transform:
  m_ObjectHideFlags: 0
  m_CorrespondingSourceObject: {fileID: 0}
  m_PrefabInstance: {fileID: 0}
  m_PrefabAsset: {fileID: 0}
  m_GameObject: {fileID: 6416915444932008441}
  m_LocalRotation: {x: -0.110295184, y: 0.44348434, z: -0.02079707, w: 0.88922673}
  m_LocalPosition: {x: -0.019284517, y: -0.000004766019, z: -0.0034016212}
  m_LocalScale: {x: 1, y: 1, z: 1}
  m_Children: []
  m_Father: {fileID: 6416915444443380791}
  m_RootOrder: 0
  m_LocalEulerAnglesHint: {x: 0, y: 0, z: 0}
--- !u!1 &6416915444978572770
GameObject:
  m_ObjectHideFlags: 0
  m_CorrespondingSourceObject: {fileID: 0}
  m_PrefabInstance: {fileID: 0}
  m_PrefabAsset: {fileID: 0}
  serializedVersion: 6
  m_Component:
  - component: {fileID: 6416915444978572769}
  m_Layer: 0
  m_Name: Additional Pin Target
  m_TagString: Untagged
  m_Icon: {fileID: 0}
  m_NavMeshLayer: 0
  m_StaticEditorFlags: 0
  m_IsActive: 1
--- !u!4 &6416915444978572769
Transform:
  m_ObjectHideFlags: 0
  m_CorrespondingSourceObject: {fileID: 0}
  m_PrefabInstance: {fileID: 0}
  m_PrefabAsset: {fileID: 0}
  m_GameObject: {fileID: 6416915444978572770}
  m_LocalRotation: {x: -0, y: -0, z: -0, w: 1}
  m_LocalPosition: {x: 0, y: 0, z: 0.5}
  m_LocalScale: {x: 1, y: 1, z: 1}
  m_Children: []
  m_Father: {fileID: 6416915444079544470}
  m_RootOrder: 0
  m_LocalEulerAnglesHint: {x: 0, y: 0, z: 0}
--- !u!1 &6416915445034546170
GameObject:
  m_ObjectHideFlags: 0
  m_CorrespondingSourceObject: {fileID: 0}
  m_PrefabInstance: {fileID: 0}
  m_PrefabAsset: {fileID: 0}
  serializedVersion: 6
  m_Component:
  - component: {fileID: 6416915445034546169}
  m_Layer: 0
  m_Name: Prop Muscle Target Character1_LeftHand
  m_TagString: Untagged
  m_Icon: {fileID: 0}
  m_NavMeshLayer: 0
  m_StaticEditorFlags: 0
  m_IsActive: 1
--- !u!4 &6416915445034546169
Transform:
  m_ObjectHideFlags: 0
  m_CorrespondingSourceObject: {fileID: 0}
  m_PrefabInstance: {fileID: 0}
  m_PrefabAsset: {fileID: 0}
  m_GameObject: {fileID: 6416915445034546170}
  m_LocalRotation: {x: -0, y: -0, z: 1.1641532e-10, w: 1}
  m_LocalPosition: {x: -0.04950035, y: -0.019299958, z: -0.00000007543713}
  m_LocalScale: {x: 0.9999999, y: 0.9999999, z: 1}
  m_Children:
  - {fileID: 6416915445427288745}
  m_Father: {fileID: 6416915444613364899}
  m_RootOrder: 4
  m_LocalEulerAnglesHint: {x: 0, y: 0, z: 0}
--- !u!1 &6416915445051630882
GameObject:
  m_ObjectHideFlags: 0
  m_CorrespondingSourceObject: {fileID: 0}
  m_PrefabInstance: {fileID: 0}
  m_PrefabAsset: {fileID: 0}
  serializedVersion: 6
  m_Component:
  - component: {fileID: 6416915445051630881}
  - component: {fileID: 6416915445051630880}
  m_Layer: 0
  m_Name: Character1_LeftHand
  m_TagString: Untagged
  m_Icon: {fileID: 0}
  m_NavMeshLayer: 0
  m_StaticEditorFlags: 0
  m_IsActive: 0
--- !u!4 &6416915445051630881
Transform:
  m_ObjectHideFlags: 0
  m_CorrespondingSourceObject: {fileID: 0}
  m_PrefabInstance: {fileID: 0}
  m_PrefabAsset: {fileID: 0}
  m_GameObject: {fileID: 6416915445051630882}
  m_LocalRotation: {x: 0.014729369, y: 0.014316017, z: 0.11418, w: 0.99324775}
  m_LocalPosition: {x: 0.077, y: 0.023, z: -0.018}
  m_LocalScale: {x: 1, y: 1, z: 1}
  m_Children:
  - {fileID: 6416915445079133578}
  - {fileID: 6416915443976923586}
  - {fileID: 6416915444210944028}
  - {fileID: 6416915445446305341}
  - {fileID: 6416915444079544470}
  m_Father: {fileID: 6416915444708456622}
  m_RootOrder: 0
  m_LocalEulerAnglesHint: {x: 1.4890001, y: 361.823, z: -346.861}
--- !u!114 &6416915445051630880
MonoBehaviour:
  m_ObjectHideFlags: 0
  m_CorrespondingSourceObject: {fileID: 0}
  m_PrefabInstance: {fileID: 0}
  m_PrefabAsset: {fileID: 0}
  m_GameObject: {fileID: 6416915445051630882}
  m_Enabled: 1
  m_EditorHideFlags: 0
  m_Script: {fileID: 11500000, guid: 4c15924752853459490d29011ba18d1d, type: 3}
  m_Name: 
  m_EditorClassIdentifier: 
  effectorType: 5
  multipliers: []
  interactionSpeedMlp: 1
  pivot: {fileID: 0}
  rotationMode: 0
  twistAxis: {x: 0, y: 1, z: 0}
  twistWeight: 1
  swingWeight: 0
  threeDOFWeight: 1
  rotateOnce: 1
--- !u!1 &6416915445079133579
GameObject:
  m_ObjectHideFlags: 0
  m_CorrespondingSourceObject: {fileID: 0}
  m_PrefabInstance: {fileID: 0}
  m_PrefabAsset: {fileID: 0}
  serializedVersion: 6
  m_Component:
  - component: {fileID: 6416915445079133578}
  m_Layer: 0
  m_Name: Character1_LeftHandIndex1
  m_TagString: Untagged
  m_Icon: {fileID: 0}
  m_NavMeshLayer: 0
  m_StaticEditorFlags: 0
  m_IsActive: 1
--- !u!4 &6416915445079133578
Transform:
  m_ObjectHideFlags: 0
  m_CorrespondingSourceObject: {fileID: 0}
  m_PrefabInstance: {fileID: 0}
  m_PrefabAsset: {fileID: 0}
  m_GameObject: {fileID: 6416915445079133579}
  m_LocalRotation: {x: 0, y: -0, z: -0.006217593, w: 0.9999807}
  m_LocalPosition: {x: -0.08821922, y: 0.0020210666, z: 0.022053923}
  m_LocalScale: {x: 1, y: 1, z: 1}
  m_Children:
  - {fileID: 6416915445245939646}
  m_Father: {fileID: 6416915445051630881}
  m_RootOrder: 0
  m_LocalEulerAnglesHint: {x: 0, y: 0, z: 0}
--- !u!1 &6416915445104138015
GameObject:
  m_ObjectHideFlags: 0
  m_CorrespondingSourceObject: {fileID: 0}
  m_PrefabInstance: {fileID: 0}
  m_PrefabAsset: {fileID: 0}
  serializedVersion: 6
  m_Component:
  - component: {fileID: 6416915445104138013}
  - component: {fileID: 6416915445104138012}
  - component: {fileID: 6416915445104138014}
  m_Layer: 0
  m_Name: Display Mesh
  m_TagString: Untagged
  m_Icon: {fileID: 0}
  m_NavMeshLayer: 0
  m_StaticEditorFlags: 0
  m_IsActive: 1
--- !u!4 &6416915445104138013
Transform:
  m_ObjectHideFlags: 0
  m_CorrespondingSourceObject: {fileID: 0}
  m_PrefabInstance: {fileID: 0}
  m_PrefabAsset: {fileID: 0}
  m_GameObject: {fileID: 6416915445104138015}
  m_LocalRotation: {x: 0.51266223, y: -0.49983865, z: 0.49983943, w: 0.4873391}
  m_LocalPosition: {x: 0.059, y: 0.028, z: -0.001}
  m_LocalScale: {x: 1, y: 0.5, z: 0.5}
  m_Children: []
  m_Father: {fileID: 6416915444825520716}
  m_RootOrder: 0
  m_LocalEulerAnglesHint: {x: 92.052, y: -44.99402, z: 44.988007}
--- !u!33 &6416915445104138012
MeshFilter:
  m_ObjectHideFlags: 0
  m_CorrespondingSourceObject: {fileID: 0}
  m_PrefabInstance: {fileID: 0}
  m_PrefabAsset: {fileID: 0}
  m_GameObject: {fileID: 6416915445104138015}
  m_Mesh: {fileID: 7998806513205308417, guid: 3fb3e7c23ac128e46ac482a2b7f509b7, type: 3}
--- !u!23 &6416915445104138014
MeshRenderer:
  m_ObjectHideFlags: 0
  m_CorrespondingSourceObject: {fileID: 0}
  m_PrefabInstance: {fileID: 0}
  m_PrefabAsset: {fileID: 0}
  m_GameObject: {fileID: 6416915445104138015}
  m_Enabled: 0
  m_CastShadows: 1
  m_ReceiveShadows: 1
  m_DynamicOccludee: 1
  m_MotionVectors: 1
  m_LightProbeUsage: 1
  m_ReflectionProbeUsage: 1
  m_RayTracingMode: 2
  m_RayTraceProcedural: 0
  m_RenderingLayerMask: 1
  m_RendererPriority: 0
  m_Materials:
  - {fileID: 0}
  m_StaticBatchInfo:
    firstSubMesh: 0
    subMeshCount: 0
  m_StaticBatchRoot: {fileID: 0}
  m_ProbeAnchor: {fileID: 0}
  m_LightProbeVolumeOverride: {fileID: 0}
  m_ScaleInLightmap: 1
  m_ReceiveGI: 1
  m_PreserveUVs: 0
  m_IgnoreNormalsForChartDetection: 0
  m_ImportantGI: 0
  m_StitchLightmapSeams: 1
  m_SelectedEditorRenderState: 3
  m_MinimumChartSize: 4
  m_AutoUVMaxDistance: 0.5
  m_AutoUVMaxAngle: 89
  m_LightmapParameters: {fileID: 0}
  m_SortingLayerID: 0
  m_SortingLayer: 0
  m_SortingOrder: 0
  m_AdditionalVertexStreams: {fileID: 0}
--- !u!1 &6416915445152028608
GameObject:
  m_ObjectHideFlags: 0
  m_CorrespondingSourceObject: {fileID: 0}
  m_PrefabInstance: {fileID: 0}
  m_PrefabAsset: {fileID: 0}
  serializedVersion: 6
  m_Component:
  - component: {fileID: 6416915445152028607}
  m_Layer: 0
  m_Name: Character1_LeftHandMiddle3
  m_TagString: Untagged
  m_Icon: {fileID: 0}
  m_NavMeshLayer: 0
  m_StaticEditorFlags: 0
  m_IsActive: 1
--- !u!4 &6416915445152028607
Transform:
  m_ObjectHideFlags: 0
  m_CorrespondingSourceObject: {fileID: 0}
  m_PrefabInstance: {fileID: 0}
  m_PrefabAsset: {fileID: 0}
  m_GameObject: {fileID: 6416915445152028608}
  m_LocalRotation: {x: 0.00002628437, y: 0.00055860187, z: -0.07454239, w: 0.9972177}
  m_LocalPosition: {x: -0.021102654, y: 0.000009478431, z: 0.0000030302442}
  m_LocalScale: {x: 1, y: 1, z: 1}
  m_Children:
  - {fileID: 6416915443851208721}
  m_Father: {fileID: 6416915445603545891}
  m_RootOrder: 0
  m_LocalEulerAnglesHint: {x: 0, y: 0, z: 0}
--- !u!1 &6416915445204040146
GameObject:
  m_ObjectHideFlags: 0
  m_CorrespondingSourceObject: {fileID: 0}
  m_PrefabInstance: {fileID: 0}
  m_PrefabAsset: {fileID: 0}
  serializedVersion: 6
  m_Component:
  - component: {fileID: 6416915445204040139}
  - component: {fileID: 6416915445204040140}
  - component: {fileID: 6416915445204040141}
  - component: {fileID: 6416915445204040142}
  - component: {fileID: 6416915445204040143}
  - component: {fileID: 6416915445204040144}
  - component: {fileID: 6416915445204040145}
  m_Layer: 0
  m_Name: Placement Trigger
  m_TagString: Untagged
  m_Icon: {fileID: 0}
  m_NavMeshLayer: 0
  m_StaticEditorFlags: 4294967295
  m_IsActive: 0
--- !u!4 &6416915445204040139
Transform:
  m_ObjectHideFlags: 0
  m_CorrespondingSourceObject: {fileID: 0}
  m_PrefabInstance: {fileID: 0}
  m_PrefabAsset: {fileID: 0}
  m_GameObject: {fileID: 6416915445204040146}
  m_LocalRotation: {x: -0, y: -0, z: -0, w: 1}
  m_LocalPosition: {x: 0, y: 0, z: 0}
  m_LocalScale: {x: 1, y: 1, z: 1}
  m_Children: []
  m_Father: {fileID: 6416915443776068811}
  m_RootOrder: 0
  m_LocalEulerAnglesHint: {x: 0, y: 0, z: 0}
--- !u!114 &6416915445204040140
MonoBehaviour:
  m_ObjectHideFlags: 0
  m_CorrespondingSourceObject: {fileID: 0}
  m_PrefabInstance: {fileID: 0}
  m_PrefabAsset: {fileID: 0}
  m_GameObject: {fileID: 6416915445204040146}
  m_Enabled: 1
  m_EditorHideFlags: 0
  m_Script: {fileID: 11500000, guid: 271d39b80226e4699829647c96a98758, type: 3}
  m_Name: 
  m_EditorClassIdentifier: 
  ranges:
  - name: 'RightHand: Placement Interaction Base'
    show: 1
    characterPosition:
      use: 1
      offset: {x: 0, y: -0.65}
      angleOffset: -8
      maxAngle: 21
      radius: 1.21
      orbit: 1
      fixYAxis: 1
    cameraPosition:
      lookAtTarget: {fileID: 0}
      direction: {x: 0, y: 0, z: 0}
      maxDistance: 0
      maxAngle: 0
      fixYAxis: 0
    interactions:
    - interactionObject: {fileID: 6416915444460305690}
      effectors: 06000000
--- !u!135 &6416915445204040141
SphereCollider:
  m_ObjectHideFlags: 0
  m_CorrespondingSourceObject: {fileID: 0}
  m_PrefabInstance: {fileID: 0}
  m_PrefabAsset: {fileID: 0}
  m_GameObject: {fileID: 6416915445204040146}
  m_Material: {fileID: 0}
  m_IsTrigger: 1
  m_Enabled: 1
  serializedVersion: 2
  m_Radius: 1.22
  m_Center: {x: 0, y: 0, z: 0}
--- !u!114 &6416915445204040142
MonoBehaviour:
  m_ObjectHideFlags: 0
  m_CorrespondingSourceObject: {fileID: 0}
  m_PrefabInstance: {fileID: 0}
  m_PrefabAsset: {fileID: 0}
  m_GameObject: {fileID: 6416915445204040146}
  m_Enabled: 1
  m_EditorHideFlags: 0
  m_Script: {fileID: 11500000, guid: afc1fa706fe235748b6aece6180ecd26, type: 3}
  m_Name: 
  m_EditorClassIdentifier: 
  triggerTags: []
  RelevantPlaceableTypes: []
  trigger: {fileID: 0}
  meshesTransform: {fileID: 0}
  placePivot: {fileID: 6416915445307903838}
  staticPlacement: 1
  AttachedItems: []
  ObjectPlacedEvent:
    m_PersistentCalls:
      m_Calls:
      - m_Target: {fileID: 6416915444460305691}
        m_TargetAssemblyTypeName: BreakerBox, Assembly-CSharp
        m_MethodName: AddFuse
        m_Mode: 0
        m_Arguments:
          m_ObjectArgument: {fileID: 0}
          m_ObjectArgumentAssemblyTypeName: UnityEngine.Object, UnityEngine
          m_IntArgument: 0
          m_FloatArgument: 0
          m_StringArgument: 
          m_BoolArgument: 0
        m_CallState: 2
  ObjectRemovedEvent:
    m_PersistentCalls:
      m_Calls:
      - m_Target: {fileID: 6416915444460305691}
        m_TargetAssemblyTypeName: BreakerBox, Assembly-CSharp
        m_MethodName: RemoveFuse
        m_Mode: 0
        m_Arguments:
          m_ObjectArgument: {fileID: 0}
          m_ObjectArgumentAssemblyTypeName: UnityEngine.Object, UnityEngine
          m_IntArgument: 0
          m_FloatArgument: 0
          m_StringArgument: 
          m_BoolArgument: 0
        m_CallState: 2
  highlightMaterial: {fileID: 0}
  PlayerID: 0
  interactionObject: {fileID: 0}
  interactionController: {fileID: 0}
  placeableItems: []
--- !u!114 &6416915445204040143
MonoBehaviour:
  m_ObjectHideFlags: 0
  m_CorrespondingSourceObject: {fileID: 0}
  m_PrefabInstance: {fileID: 0}
  m_PrefabAsset: {fileID: 0}
  m_GameObject: {fileID: 6416915445204040146}
  m_Enabled: 1
  m_EditorHideFlags: 0
  m_Script: {fileID: 11500000, guid: 68f295eaa5ebd234ea17edae33b49855, type: 3}
  m_Name: 
  m_EditorClassIdentifier: 
  ApplicablePropTypes:
  - {fileID: 11400000, guid: 29012fe09b22e1b4eaa763d44aa65711, type: 2}
  usableProps: []
  animationName: 
  propInteractionEvent:
    m_PersistentCalls:
      m_Calls:
      - m_Target: {fileID: 6416915445204040142}
        m_TargetAssemblyTypeName: ObjectPlacement, Assembly-CSharp
        m_MethodName: PlaceInteractionAsync
        m_Mode: 0
        m_Arguments:
          m_ObjectArgument: {fileID: 0}
          m_ObjectArgumentAssemblyTypeName: UnityEngine.Object, UnityEngine
          m_IntArgument: 0
          m_FloatArgument: 0
          m_StringArgument: 
          m_BoolArgument: 0
        m_CallState: 2
  interactionObject: {fileID: 6416915444460305690}
  interactionController: {fileID: 0}
  charAnim: {fileID: 0}
--- !u!114 &6416915445204040144
MonoBehaviour:
  m_ObjectHideFlags: 0
  m_CorrespondingSourceObject: {fileID: 0}
  m_PrefabInstance: {fileID: 0}
  m_PrefabAsset: {fileID: 0}
  m_GameObject: {fileID: 6416915445204040146}
  m_Enabled: 1
  m_EditorHideFlags: 0
  m_Script: {fileID: 11500000, guid: 5502113011800284b93cb8669129d750, type: 3}
  m_Name: 
  m_EditorClassIdentifier: 
  displaying: 0
  DefaultMesh: {fileID: 6416915445204040145}
  DisplayMesh: {fileID: 6416915445307903836}
  DisplayRenderer: {fileID: 6416915445307903837}
  pivot: {fileID: 6416915445307903838}
  AddToScale: 0
  highlightMaterial: {fileID: 2100000, guid: edb42ecbe9220974ca4bf9703ff3e8f0, type: 2}
--- !u!33 &6416915445204040145
MeshFilter:
  m_ObjectHideFlags: 0
  m_CorrespondingSourceObject: {fileID: 0}
  m_PrefabInstance: {fileID: 0}
  m_PrefabAsset: {fileID: 0}
  m_GameObject: {fileID: 6416915445204040146}
  m_Mesh: {fileID: -1449006035770480488, guid: f0d83ff787a4e4842bc08245824b0620, type: 3}
--- !u!1 &6416915445245939647
GameObject:
  m_ObjectHideFlags: 0
  m_CorrespondingSourceObject: {fileID: 0}
  m_PrefabInstance: {fileID: 0}
  m_PrefabAsset: {fileID: 0}
  serializedVersion: 6
  m_Component:
  - component: {fileID: 6416915445245939646}
  m_Layer: 0
  m_Name: Character1_LeftHandIndex2
  m_TagString: Untagged
  m_Icon: {fileID: 0}
  m_NavMeshLayer: 0
  m_StaticEditorFlags: 0
  m_IsActive: 1
--- !u!4 &6416915445245939646
Transform:
  m_ObjectHideFlags: 0
  m_CorrespondingSourceObject: {fileID: 0}
  m_PrefabInstance: {fileID: 0}
  m_PrefabAsset: {fileID: 0}
  m_GameObject: {fileID: 6416915445245939647}
  m_LocalRotation: {x: 0.00043405147, y: -0.017447008, z: 0.024861569, w: 0.99953854}
  m_LocalPosition: {x: -0.031748008, y: -0.000014480879, z: 0.0014719901}
  m_LocalScale: {x: 1, y: 1, z: 1}
  m_Children:
  - {fileID: 6416915445492013105}
  m_Father: {fileID: 6416915445079133578}
  m_RootOrder: 0
  m_LocalEulerAnglesHint: {x: 0, y: 0, z: 0}
--- !u!1 &6416915445307903839
GameObject:
  m_ObjectHideFlags: 0
  m_CorrespondingSourceObject: {fileID: 0}
  m_PrefabInstance: {fileID: 0}
  m_PrefabAsset: {fileID: 0}
  serializedVersion: 6
  m_Component:
  - component: {fileID: 6416915445307903838}
  - component: {fileID: 6416915445307903836}
  - component: {fileID: 6416915445307903837}
  m_Layer: 0
  m_Name: Pivot
  m_TagString: Untagged
  m_Icon: {fileID: 0}
  m_NavMeshLayer: 0
  m_StaticEditorFlags: 0
  m_IsActive: 1
--- !u!4 &6416915445307903838
Transform:
  m_ObjectHideFlags: 0
  m_CorrespondingSourceObject: {fileID: 0}
  m_PrefabInstance: {fileID: 0}
  m_PrefabAsset: {fileID: 0}
  m_GameObject: {fileID: 6416915445307903839}
  m_LocalRotation: {x: 0, y: 0, z: 0, w: 1}
  m_LocalPosition: {x: -0.178, y: 0, z: 0}
  m_LocalScale: {x: 1, y: 1, z: 1}
  m_Children: []
  m_Father: {fileID: 6416915443776068811}
  m_RootOrder: 1
  m_LocalEulerAnglesHint: {x: 0, y: 0, z: 0}
--- !u!33 &6416915445307903836
MeshFilter:
  m_ObjectHideFlags: 0
  m_CorrespondingSourceObject: {fileID: 0}
  m_PrefabInstance: {fileID: 0}
  m_PrefabAsset: {fileID: 0}
  m_GameObject: {fileID: 6416915445307903839}
  m_Mesh: {fileID: -456610430502642811, guid: 156aac1229a29b14a9282960e5c0fa82, type: 3}
--- !u!23 &6416915445307903837
MeshRenderer:
  m_ObjectHideFlags: 0
  m_CorrespondingSourceObject: {fileID: 0}
  m_PrefabInstance: {fileID: 0}
  m_PrefabAsset: {fileID: 0}
  m_GameObject: {fileID: 6416915445307903839}
  m_Enabled: 0
  m_CastShadows: 1
  m_ReceiveShadows: 1
  m_DynamicOccludee: 1
  m_MotionVectors: 1
  m_LightProbeUsage: 1
  m_ReflectionProbeUsage: 1
  m_RayTracingMode: 2
  m_RayTraceProcedural: 0
  m_RenderingLayerMask: 1
  m_RendererPriority: 0
  m_Materials:
  - {fileID: 0}
  m_StaticBatchInfo:
    firstSubMesh: 0
    subMeshCount: 0
  m_StaticBatchRoot: {fileID: 0}
  m_ProbeAnchor: {fileID: 0}
  m_LightProbeVolumeOverride: {fileID: 0}
  m_ScaleInLightmap: 1
  m_ReceiveGI: 1
  m_PreserveUVs: 0
  m_IgnoreNormalsForChartDetection: 0
  m_ImportantGI: 0
  m_StitchLightmapSeams: 1
  m_SelectedEditorRenderState: 3
  m_MinimumChartSize: 4
  m_AutoUVMaxDistance: 0.5
  m_AutoUVMaxAngle: 89
  m_LightmapParameters: {fileID: 0}
  m_SortingLayerID: 0
  m_SortingLayer: 0
  m_SortingOrder: 0
  m_AdditionalVertexStreams: {fileID: 0}
--- !u!1 &6416915445317118224
GameObject:
  m_ObjectHideFlags: 0
  m_CorrespondingSourceObject: {fileID: 0}
  m_PrefabInstance: {fileID: 0}
  m_PrefabAsset: {fileID: 0}
  serializedVersion: 6
  m_Component:
  - component: {fileID: 6416915445317118223}
  m_Layer: 0
  m_Name: Character1_LeftHandPinky4
  m_TagString: Untagged
  m_Icon: {fileID: 0}
  m_NavMeshLayer: 0
  m_StaticEditorFlags: 0
  m_IsActive: 1
--- !u!4 &6416915445317118223
Transform:
  m_ObjectHideFlags: 0
  m_CorrespondingSourceObject: {fileID: 0}
  m_PrefabInstance: {fileID: 0}
  m_PrefabAsset: {fileID: 0}
  m_GameObject: {fileID: 6416915445317118224}
  m_LocalRotation: {x: 0, y: 0, z: 0.17421891, w: 0.98470694}
  m_LocalPosition: {x: -0.023215855, y: -0.000007889593, z: 0.00000000791}
  m_LocalScale: {x: 1, y: 1, z: 1}
  m_Children: []
  m_Father: {fileID: 6416915443814799293}
  m_RootOrder: 0
  m_LocalEulerAnglesHint: {x: 0, y: 0, z: 0}
--- !u!1 &6416915445427288746
GameObject:
  m_ObjectHideFlags: 0
  m_CorrespondingSourceObject: {fileID: 0}
  m_PrefabInstance: {fileID: 0}
  m_PrefabAsset: {fileID: 0}
  serializedVersion: 6
  m_Component:
  - component: {fileID: 6416915445427288745}
  m_Layer: 0
  m_Name: Additional Pin Target
  m_TagString: Untagged
  m_Icon: {fileID: 0}
  m_NavMeshLayer: 0
  m_StaticEditorFlags: 0
  m_IsActive: 1
--- !u!4 &6416915445427288745
Transform:
  m_ObjectHideFlags: 0
  m_CorrespondingSourceObject: {fileID: 0}
  m_PrefabInstance: {fileID: 0}
  m_PrefabAsset: {fileID: 0}
  m_GameObject: {fileID: 6416915445427288746}
  m_LocalRotation: {x: -0, y: -0, z: -0, w: 1}
  m_LocalPosition: {x: 0, y: 0, z: 0.5}
  m_LocalScale: {x: 1, y: 1, z: 1}
  m_Children: []
  m_Father: {fileID: 6416915445034546169}
  m_RootOrder: 0
  m_LocalEulerAnglesHint: {x: 0, y: 0, z: 0}
--- !u!1 &6416915445446305342
GameObject:
  m_ObjectHideFlags: 0
  m_CorrespondingSourceObject: {fileID: 0}
  m_PrefabInstance: {fileID: 0}
  m_PrefabAsset: {fileID: 0}
  serializedVersion: 6
  m_Component:
  - component: {fileID: 6416915445446305341}
  m_Layer: 0
  m_Name: Character1_LeftHandThumb1
  m_TagString: Untagged
  m_Icon: {fileID: 0}
  m_NavMeshLayer: 0
  m_StaticEditorFlags: 0
  m_IsActive: 1
--- !u!4 &6416915445446305341
Transform:
  m_ObjectHideFlags: 0
  m_CorrespondingSourceObject: {fileID: 0}
  m_PrefabInstance: {fileID: 0}
  m_PrefabAsset: {fileID: 0}
  m_GameObject: {fileID: 6416915445446305342}
  m_LocalRotation: {x: 0, y: -0, z: -0.006217593, w: 0.9999807}
  m_LocalPosition: {x: -0.026460476, y: -0.0079778945, z: 0.02186527}
  m_LocalScale: {x: 1, y: 1, z: 1}
  m_Children:
  - {fileID: 6416915444889912106}
  m_Father: {fileID: 6416915445051630881}
  m_RootOrder: 3
  m_LocalEulerAnglesHint: {x: 0, y: 0, z: 0}
--- !u!1 &6416915445466379554
GameObject:
  m_ObjectHideFlags: 0
  m_CorrespondingSourceObject: {fileID: 0}
  m_PrefabInstance: {fileID: 0}
  m_PrefabAsset: {fileID: 0}
  serializedVersion: 6
  m_Component:
  - component: {fileID: 6416915445466379553}
  m_Layer: 0
  m_Name: Character1_LeftHandThumb4
  m_TagString: Untagged
  m_Icon: {fileID: 0}
  m_NavMeshLayer: 0
  m_StaticEditorFlags: 0
  m_IsActive: 1
--- !u!4 &6416915445466379553
Transform:
  m_ObjectHideFlags: 0
  m_CorrespondingSourceObject: {fileID: 0}
  m_PrefabInstance: {fileID: 0}
  m_PrefabAsset: {fileID: 0}
  m_GameObject: {fileID: 6416915445466379554}
  m_LocalRotation: {x: 0, y: 0, z: 0.17325915, w: 0.9848763}
  m_LocalPosition: {x: -0.017497867, y: -0.0000047775525, z: 0.016592514}
  m_LocalScale: {x: 1, y: 1, z: 1}
  m_Children: []
  m_Father: {fileID: 6416915444574568473}
  m_RootOrder: 0
  m_LocalEulerAnglesHint: {x: 0, y: 0, z: 0}
--- !u!1 &6416915445480245017
GameObject:
  m_ObjectHideFlags: 0
  m_CorrespondingSourceObject: {fileID: 0}
  m_PrefabInstance: {fileID: 0}
  m_PrefabAsset: {fileID: 0}
  serializedVersion: 6
  m_Component:
  - component: {fileID: 6416915445480245016}
  m_Layer: 0
  m_Name: Character1_LeftHandPinky4
  m_TagString: Untagged
  m_Icon: {fileID: 0}
  m_NavMeshLayer: 0
  m_StaticEditorFlags: 0
  m_IsActive: 1
--- !u!4 &6416915445480245016
Transform:
  m_ObjectHideFlags: 0
  m_CorrespondingSourceObject: {fileID: 0}
  m_PrefabInstance: {fileID: 0}
  m_PrefabAsset: {fileID: 0}
  m_GameObject: {fileID: 6416915445480245017}
  m_LocalRotation: {x: 0, y: 0, z: 0.17421891, w: 0.98470694}
  m_LocalPosition: {x: -0.023215855, y: -0.000007889593, z: 0.00000000791}
  m_LocalScale: {x: 1, y: 1, z: 1}
  m_Children: []
  m_Father: {fileID: 6416915445580110196}
  m_RootOrder: 0
  m_LocalEulerAnglesHint: {x: 0, y: 0, z: 0}
--- !u!1 &6416915445492013106
GameObject:
  m_ObjectHideFlags: 0
  m_CorrespondingSourceObject: {fileID: 0}
  m_PrefabInstance: {fileID: 0}
  m_PrefabAsset: {fileID: 0}
  serializedVersion: 6
  m_Component:
  - component: {fileID: 6416915445492013105}
  m_Layer: 0
  m_Name: Character1_LeftHandIndex3
  m_TagString: Untagged
  m_Icon: {fileID: 0}
  m_NavMeshLayer: 0
  m_StaticEditorFlags: 0
  m_IsActive: 1
--- !u!4 &6416915445492013105
Transform:
  m_ObjectHideFlags: 0
  m_CorrespondingSourceObject: {fileID: 0}
  m_PrefabInstance: {fileID: 0}
  m_PrefabAsset: {fileID: 0}
  m_GameObject: {fileID: 6416915445492013106}
  m_LocalRotation: {x: 0.014608297, y: 0.30839318, z: -0.07279398, w: 0.94835716}
  m_LocalPosition: {x: -0.02385654, y: 0.000010473757, z: 0.0017582121}
  m_LocalScale: {x: 1, y: 1, z: 1}
  m_Children:
  - {fileID: 6416915444093484222}
  m_Father: {fileID: 6416915445245939646}
  m_RootOrder: 0
  m_LocalEulerAnglesHint: {x: 0, y: 0, z: 0}
--- !u!1 &6416915445525927017
GameObject:
  m_ObjectHideFlags: 0
  m_CorrespondingSourceObject: {fileID: 0}
  m_PrefabInstance: {fileID: 0}
  m_PrefabAsset: {fileID: 0}
  serializedVersion: 6
  m_Component:
  - component: {fileID: 6416915445525927015}
  - component: {fileID: 6416915445525927016}
  m_Layer: 9
  m_Name: CapsuleCollider
  m_TagString: Untagged
  m_Icon: {fileID: 0}
  m_NavMeshLayer: 0
  m_StaticEditorFlags: 0
  m_IsActive: 0
--- !u!4 &6416915445525927015
Transform:
  m_ObjectHideFlags: 0
  m_CorrespondingSourceObject: {fileID: 0}
  m_PrefabInstance: {fileID: 0}
  m_PrefabAsset: {fileID: 0}
  m_GameObject: {fileID: 6416915445525927017}
  m_LocalRotation: {x: 0, y: 0, z: 0, w: 1}
  m_LocalPosition: {x: 0, y: 0, z: 0}
  m_LocalScale: {x: 1, y: 1, z: 1}
  m_Children: []
  m_Father: {fileID: 6416915444708456622}
  m_RootOrder: 1
  m_LocalEulerAnglesHint: {x: 0, y: 0, z: 0}
--- !u!136 &6416915445525927016
CapsuleCollider:
  m_ObjectHideFlags: 0
  m_CorrespondingSourceObject: {fileID: 0}
  m_PrefabInstance: {fileID: 0}
  m_PrefabAsset: {fileID: 0}
  m_GameObject: {fileID: 6416915445525927017}
  m_Material: {fileID: 0}
  m_IsTrigger: 0
  m_Enabled: 0
  m_Radius: 0.06
  m_Height: 0.28
  m_Direction: 0
  m_Center: {x: 0, y: 0, z: 0.18}
--- !u!1 &6416915445580110197
GameObject:
  m_ObjectHideFlags: 0
  m_CorrespondingSourceObject: {fileID: 0}
  m_PrefabInstance: {fileID: 0}
  m_PrefabAsset: {fileID: 0}
  serializedVersion: 6
  m_Component:
  - component: {fileID: 6416915445580110196}
  m_Layer: 0
  m_Name: Character1_LeftHandPinky3
  m_TagString: Untagged
  m_Icon: {fileID: 0}
  m_NavMeshLayer: 0
  m_StaticEditorFlags: 0
  m_IsActive: 1
--- !u!4 &6416915445580110196
Transform:
  m_ObjectHideFlags: 0
  m_CorrespondingSourceObject: {fileID: 0}
  m_PrefabInstance: {fileID: 0}
  m_PrefabAsset: {fileID: 0}
  m_GameObject: {fileID: 6416915445580110197}
  m_LocalRotation: {x: 0, y: -0, z: -0.07466191, w: 0.9972089}
  m_LocalPosition: {x: -0.019745013, y: 0.0000093945855, z: -0.0000000014299999}
  m_LocalScale: {x: 1, y: 1, z: 1}
  m_Children:
  - {fileID: 6416915445480245016}
  m_Father: {fileID: 6416915443985109858}
  m_RootOrder: 0
  m_LocalEulerAnglesHint: {x: 0, y: 0, z: 0}
--- !u!1 &6416915445603545892
GameObject:
  m_ObjectHideFlags: 0
  m_CorrespondingSourceObject: {fileID: 0}
  m_PrefabInstance: {fileID: 0}
  m_PrefabAsset: {fileID: 0}
  serializedVersion: 6
  m_Component:
  - component: {fileID: 6416915445603545891}
  m_Layer: 0
  m_Name: Character1_LeftHandMiddle2
  m_TagString: Untagged
  m_Icon: {fileID: 0}
  m_NavMeshLayer: 0
  m_StaticEditorFlags: 0
  m_IsActive: 1
--- !u!4 &6416915445603545891
Transform:
  m_ObjectHideFlags: 0
  m_CorrespondingSourceObject: {fileID: 0}
  m_PrefabInstance: {fileID: 0}
  m_PrefabAsset: {fileID: 0}
  m_GameObject: {fileID: 6416915445603545892}
  m_LocalRotation: {x: 0.0000007732932, y: -0.00003108634, z: 0.024867967, w: 0.9996908}
  m_LocalPosition: {x: -0.036406387, y: -0.000016352229, z: 0.00000302455}
  m_LocalScale: {x: 1, y: 1, z: 1}
  m_Children:
  - {fileID: 6416915445152028607}
  m_Father: {fileID: 6416915444469109537}
  m_RootOrder: 0
  m_LocalEulerAnglesHint: {x: 0, y: 0, z: 0}
--- !u!1 &6416915445714964489
GameObject:
  m_ObjectHideFlags: 0
  m_CorrespondingSourceObject: {fileID: 0}
  m_PrefabInstance: {fileID: 0}
  m_PrefabAsset: {fileID: 0}
  serializedVersion: 6
  m_Component:
  - component: {fileID: 6416915445714964488}
  m_Layer: 0
  m_Name: Character1_LeftHandPinky1
  m_TagString: Untagged
  m_Icon: {fileID: 0}
  m_NavMeshLayer: 0
  m_StaticEditorFlags: 0
  m_IsActive: 1
--- !u!4 &6416915445714964488
Transform:
  m_ObjectHideFlags: 0
  m_CorrespondingSourceObject: {fileID: 0}
  m_PrefabInstance: {fileID: 0}
  m_PrefabAsset: {fileID: 0}
  m_GameObject: {fileID: 6416915445714964489}
  m_LocalRotation: {x: 0, y: -0, z: -0.006217593, w: 0.9999807}
  m_LocalPosition: {x: -0.08882359, y: -0.0031063326, z: -0.024903564}
  m_LocalScale: {x: 1, y: 1, z: 1}
  m_Children:
  - {fileID: 6416915444841390104}
  m_Father: {fileID: 6416915444613364899}
  m_RootOrder: 2
  m_LocalEulerAnglesHint: {x: 0, y: 0, z: 0}
