%YAML 1.1
%TAG !u! tag:unity3d.com,2011:
--- !u!1 &1376576264738894403
GameObject:
  m_ObjectHideFlags: 0
  m_CorrespondingSourceObject: {fileID: 0}
  m_PrefabInstance: {fileID: 0}
  m_PrefabAsset: {fileID: 0}
  serializedVersion: 6
  m_Component:
  - component: {fileID: 4831013726431604026}
  - component: {fileID: 2948377134692696481}
  - component: {fileID: 1758780734756218047}
  m_Layer: 0
  m_Name: breaker_box 1
  m_TagString: Untagged
  m_Icon: {fileID: 0}
  m_NavMeshLayer: 0
  m_StaticEditorFlags: 0
  m_IsActive: 0
--- !u!4 &4831013726431604026
Transform:
  m_ObjectHideFlags: 0
  m_CorrespondingSourceObject: {fileID: 0}
  m_PrefabInstance: {fileID: 0}
  m_PrefabAsset: {fileID: 0}
  m_GameObject: {fileID: 1376576264738894403}
  m_LocalRotation: {x: 0, y: -0, z: -0, w: 1}
  m_LocalPosition: {x: 0.000000058904252, y: 0.38603488, z: 0}
  m_LocalScale: {x: 1, y: 1, z: 1}
  m_Children: []
  m_Father: {fileID: 8038294969208268776}
  m_RootOrder: 1
  m_LocalEulerAnglesHint: {x: 0, y: 0, z: 0}
--- !u!33 &2948377134692696481
MeshFilter:
  m_ObjectHideFlags: 0
  m_CorrespondingSourceObject: {fileID: 0}
  m_PrefabInstance: {fileID: 0}
  m_PrefabAsset: {fileID: 0}
  m_GameObject: {fileID: 1376576264738894403}
  m_Mesh: {fileID: 8912812454722580822, guid: 841732b03b1669e49a14df82ac7e62fe, type: 3}
--- !u!23 &1758780734756218047
MeshRenderer:
  m_ObjectHideFlags: 0
  m_CorrespondingSourceObject: {fileID: 0}
  m_PrefabInstance: {fileID: 0}
  m_PrefabAsset: {fileID: 0}
  m_GameObject: {fileID: 1376576264738894403}
  m_Enabled: 1
  m_CastShadows: 1
  m_ReceiveShadows: 1
  m_DynamicOccludee: 1
  m_MotionVectors: 1
  m_LightProbeUsage: 1
  m_ReflectionProbeUsage: 1
  m_RayTracingMode: 2
  m_RayTraceProcedural: 0
  m_RenderingLayerMask: 1
  m_RendererPriority: 0
  m_Materials:
  - {fileID: 2100000, guid: 1b058ab36d4ac2941a2d1344ef2180bf, type: 2}
  m_StaticBatchInfo:
    firstSubMesh: 0
    subMeshCount: 0
  m_StaticBatchRoot: {fileID: 0}
  m_ProbeAnchor: {fileID: 0}
  m_LightProbeVolumeOverride: {fileID: 0}
  m_ScaleInLightmap: 1
  m_ReceiveGI: 1
  m_PreserveUVs: 0
  m_IgnoreNormalsForChartDetection: 0
  m_ImportantGI: 0
  m_StitchLightmapSeams: 1
  m_SelectedEditorRenderState: 3
  m_MinimumChartSize: 4
  m_AutoUVMaxDistance: 0.5
  m_AutoUVMaxAngle: 89
  m_LightmapParameters: {fileID: 0}
  m_SortingLayerID: 0
  m_SortingLayer: 0
  m_SortingOrder: 0
  m_AdditionalVertexStreams: {fileID: 0}
--- !u!1 &1770162989853326570
GameObject:
  m_ObjectHideFlags: 0
  m_CorrespondingSourceObject: {fileID: 0}
  m_PrefabInstance: {fileID: 0}
  m_PrefabAsset: {fileID: 0}
  serializedVersion: 6
  m_Component:
  - component: {fileID: 8038294969208268776}
  - component: {fileID: 1770162989853326569}
  m_Layer: 0
  m_Name: Collapse Interaction
  m_TagString: Untagged
  m_Icon: {fileID: 0}
  m_NavMeshLayer: 0
  m_StaticEditorFlags: 0
  m_IsActive: 1
--- !u!4 &8038294969208268776
Transform:
  m_ObjectHideFlags: 0
  m_CorrespondingSourceObject: {fileID: 0}
  m_PrefabInstance: {fileID: 0}
  m_PrefabAsset: {fileID: 0}
  m_GameObject: {fileID: 1770162989853326570}
  m_LocalRotation: {x: 0, y: 0, z: 0, w: 1}
  m_LocalPosition: {x: -50.456, y: 1.037, z: -25.964}
  m_LocalScale: {x: 1, y: 1, z: 1}
  m_Children:
  - {fileID: 6782341418780785376}
  - {fileID: 4831013726431604026}
  - {fileID: 6359871830577803779}
  m_Father: {fileID: 0}
  m_RootOrder: 0
  m_LocalEulerAnglesHint: {x: 0, y: 0, z: 0}
--- !u!54 &1770162989853326569
Rigidbody:
  m_ObjectHideFlags: 0
  m_CorrespondingSourceObject: {fileID: 0}
  m_PrefabInstance: {fileID: 0}
  m_PrefabAsset: {fileID: 0}
  m_GameObject: {fileID: 1770162989853326570}
  serializedVersion: 2
  m_Mass: 1
  m_Drag: 0
  m_AngularDrag: 0.05
  m_UseGravity: 1
  m_IsKinematic: 1
  m_Interpolate: 0
  m_Constraints: 0
  m_CollisionDetection: 0
--- !u!1 &1980418056871403189
GameObject:
  m_ObjectHideFlags: 0
  m_CorrespondingSourceObject: {fileID: 0}
  m_PrefabInstance: {fileID: 0}
  m_PrefabAsset: {fileID: 0}
  serializedVersion: 6
  m_Component:
  - component: {fileID: 1980418056871403178}
  - component: {fileID: 1980418056871403176}
  - component: {fileID: 1980418056871403179}
  m_Layer: 0
  m_Name: HologramDisplay
  m_TagString: Untagged
  m_Icon: {fileID: 0}
  m_NavMeshLayer: 0
  m_StaticEditorFlags: 0
  m_IsActive: 1
--- !u!4 &1980418056871403178
Transform:
  m_ObjectHideFlags: 0
  m_CorrespondingSourceObject: {fileID: 0}
  m_PrefabInstance: {fileID: 0}
  m_PrefabAsset: {fileID: 0}
  m_GameObject: {fileID: 1980418056871403189}
  m_LocalRotation: {x: 0, y: 0, z: 0, w: 1}
  m_LocalPosition: {x: 0, y: 0, z: 0}
  m_LocalScale: {x: 1, y: 1, z: 1}
  m_Children: []
  m_Father: {fileID: 7837700981823113570}
  m_RootOrder: 0
  m_LocalEulerAnglesHint: {x: 0, y: 0, z: 0}
--- !u!33 &1980418056871403176
MeshFilter:
  m_ObjectHideFlags: 0
  m_CorrespondingSourceObject: {fileID: 0}
  m_PrefabInstance: {fileID: 0}
  m_PrefabAsset: {fileID: 0}
  m_GameObject: {fileID: 1980418056871403189}
  m_Mesh: {fileID: -456610430502642811, guid: 156aac1229a29b14a9282960e5c0fa82, type: 3}
--- !u!23 &1980418056871403179
MeshRenderer:
  m_ObjectHideFlags: 0
  m_CorrespondingSourceObject: {fileID: 0}
  m_PrefabInstance: {fileID: 0}
  m_PrefabAsset: {fileID: 0}
  m_GameObject: {fileID: 1980418056871403189}
  m_Enabled: 0
  m_CastShadows: 1
  m_ReceiveShadows: 1
  m_DynamicOccludee: 1
  m_MotionVectors: 1
  m_LightProbeUsage: 1
  m_ReflectionProbeUsage: 1
  m_RayTracingMode: 2
  m_RayTraceProcedural: 0
  m_RenderingLayerMask: 1
  m_RendererPriority: 0
  m_Materials:
  - {fileID: 0}
  m_StaticBatchInfo:
    firstSubMesh: 0
    subMeshCount: 0
  m_StaticBatchRoot: {fileID: 0}
  m_ProbeAnchor: {fileID: 0}
  m_LightProbeVolumeOverride: {fileID: 0}
  m_ScaleInLightmap: 1
  m_ReceiveGI: 1
  m_PreserveUVs: 0
  m_IgnoreNormalsForChartDetection: 0
  m_ImportantGI: 0
  m_StitchLightmapSeams: 1
  m_SelectedEditorRenderState: 3
  m_MinimumChartSize: 4
  m_AutoUVMaxDistance: 0.5
  m_AutoUVMaxAngle: 89
  m_LightmapParameters: {fileID: 0}
  m_SortingLayerID: 0
  m_SortingLayer: 0
  m_SortingOrder: 0
  m_AdditionalVertexStreams: {fileID: 0}
--- !u!1 &6359871830577803804
GameObject:
  m_ObjectHideFlags: 0
  m_CorrespondingSourceObject: {fileID: 0}
  m_PrefabInstance: {fileID: 0}
  m_PrefabAsset: {fileID: 0}
  serializedVersion: 6
  m_Component:
  - component: {fileID: 6359871830577803779}
  - component: {fileID: 6359871830577803776}
  - component: {fileID: 6359871830577803777}
  - component: {fileID: 6359871830577803778}
  m_Layer: 0
  m_Name: plank standin
  m_TagString: Untagged
  m_Icon: {fileID: 0}
  m_NavMeshLayer: 0
  m_StaticEditorFlags: 0
  m_IsActive: 1
--- !u!4 &6359871830577803779
Transform:
  m_ObjectHideFlags: 0
  m_CorrespondingSourceObject: {fileID: 0}
  m_PrefabInstance: {fileID: 0}
  m_PrefabAsset: {fileID: 0}
  m_GameObject: {fileID: 6359871830577803804}
  m_LocalRotation: {x: 0.2575544, y: 0, z: 0, w: 0.9662638}
  m_LocalPosition: {x: 0, y: 0.32, z: 0}
  m_LocalScale: {x: 0.001, y: 0.37, z: 1}
  m_Children: []
  m_Father: {fileID: 8038294969208268776}
  m_RootOrder: 2
  m_LocalEulerAnglesHint: {x: 29.85, y: 0, z: 0}
--- !u!33 &6359871830577803776
MeshFilter:
  m_ObjectHideFlags: 0
  m_CorrespondingSourceObject: {fileID: 0}
  m_PrefabInstance: {fileID: 0}
  m_PrefabAsset: {fileID: 0}
  m_GameObject: {fileID: 6359871830577803804}
  m_Mesh: {fileID: 10202, guid: 0000000000000000e000000000000000, type: 0}
--- !u!23 &6359871830577803777
MeshRenderer:
  m_ObjectHideFlags: 0
  m_CorrespondingSourceObject: {fileID: 0}
  m_PrefabInstance: {fileID: 0}
  m_PrefabAsset: {fileID: 0}
  m_GameObject: {fileID: 6359871830577803804}
  m_Enabled: 1
  m_CastShadows: 1
  m_ReceiveShadows: 1
  m_DynamicOccludee: 1
  m_MotionVectors: 1
  m_LightProbeUsage: 1
  m_ReflectionProbeUsage: 1
  m_RayTracingMode: 2
  m_RayTraceProcedural: 0
  m_RenderingLayerMask: 1
  m_RendererPriority: 0
  m_Materials:
  - {fileID: 2100000, guid: 31321ba15b8f8eb4c954353edc038b1d, type: 2}
  m_StaticBatchInfo:
    firstSubMesh: 0
    subMeshCount: 0
  m_StaticBatchRoot: {fileID: 0}
  m_ProbeAnchor: {fileID: 0}
  m_LightProbeVolumeOverride: {fileID: 0}
  m_ScaleInLightmap: 1
  m_ReceiveGI: 1
  m_PreserveUVs: 0
  m_IgnoreNormalsForChartDetection: 0
  m_ImportantGI: 0
  m_StitchLightmapSeams: 1
  m_SelectedEditorRenderState: 3
  m_MinimumChartSize: 4
  m_AutoUVMaxDistance: 0.5
  m_AutoUVMaxAngle: 89
  m_LightmapParameters: {fileID: 0}
  m_SortingLayerID: 0
  m_SortingLayer: 0
  m_SortingOrder: 0
  m_AdditionalVertexStreams: {fileID: 0}
--- !u!65 &6359871830577803778
BoxCollider:
  m_ObjectHideFlags: 0
  m_CorrespondingSourceObject: {fileID: 0}
  m_PrefabInstance: {fileID: 0}
  m_PrefabAsset: {fileID: 0}
  m_GameObject: {fileID: 6359871830577803804}
  m_Material: {fileID: 0}
  m_IsTrigger: 0
  m_Enabled: 1
  serializedVersion: 2
  m_Size: {x: 1, y: 1, z: 1}
  m_Center: {x: 0, y: 0, z: 0}
--- !u!1 &6782341418780785377
GameObject:
  m_ObjectHideFlags: 0
  m_CorrespondingSourceObject: {fileID: 0}
  m_PrefabInstance: {fileID: 0}
  m_PrefabAsset: {fileID: 0}
  serializedVersion: 6
  m_Component:
  - component: {fileID: 6782341418780785376}
  m_Layer: 0
  m_Name: Interaction System
  m_TagString: Untagged
  m_Icon: {fileID: 0}
  m_NavMeshLayer: 0
  m_StaticEditorFlags: 0
  m_IsActive: 1
--- !u!4 &6782341418780785376
Transform:
  m_ObjectHideFlags: 0
  m_CorrespondingSourceObject: {fileID: 0}
  m_PrefabInstance: {fileID: 0}
  m_PrefabAsset: {fileID: 0}
  m_GameObject: {fileID: 6782341418780785377}
  m_LocalRotation: {x: -0, y: -0, z: -0, w: 1}
  m_LocalPosition: {x: -0.041, y: 0.257, z: 0.075}
  m_LocalScale: {x: 1, y: 1, z: 1}
  m_Children:
  - {fileID: 6782341420429882186}
  - {fileID: 6782341419591294434}
  - {fileID: 7837700981823113570}
  m_Father: {fileID: 8038294969208268776}
  m_RootOrder: 0
  m_LocalEulerAnglesHint: {x: 0, y: 0, z: 0}
--- !u!1 &6782341418821322245
GameObject:
  m_ObjectHideFlags: 0
  m_CorrespondingSourceObject: {fileID: 0}
  m_PrefabInstance: {fileID: 0}
  m_PrefabAsset: {fileID: 0}
  serializedVersion: 6
  m_Component:
  - component: {fileID: 6782341418821322244}
  m_Layer: 0
  m_Name: Character1_LeftHandPinky3
  m_TagString: Untagged
  m_Icon: {fileID: 0}
  m_NavMeshLayer: 0
  m_StaticEditorFlags: 0
  m_IsActive: 1
--- !u!4 &6782341418821322244
Transform:
  m_ObjectHideFlags: 0
  m_CorrespondingSourceObject: {fileID: 0}
  m_PrefabInstance: {fileID: 0}
  m_PrefabAsset: {fileID: 0}
  m_GameObject: {fileID: 6782341418821322245}
  m_LocalRotation: {x: 0, y: -0, z: -0.07466191, w: 0.9972089}
  m_LocalPosition: {x: -0.019745013, y: 0.0000093945855, z: -0.0000000014299999}
  m_LocalScale: {x: 1, y: 1, z: 1}
  m_Children:
  - {fileID: 6782341419306641995}
  m_Father: {fileID: 6782341419017062935}
  m_RootOrder: 0
  m_LocalEulerAnglesHint: {x: 0, y: 0, z: 0}
--- !u!1 &6782341418923625778
GameObject:
  m_ObjectHideFlags: 0
  m_CorrespondingSourceObject: {fileID: 0}
  m_PrefabInstance: {fileID: 0}
  m_PrefabAsset: {fileID: 0}
  serializedVersion: 6
  m_Component:
  - component: {fileID: 6782341418923625781}
  m_Layer: 0
  m_Name: Character1_LeftHandMiddle2
  m_TagString: Untagged
  m_Icon: {fileID: 0}
  m_NavMeshLayer: 0
  m_StaticEditorFlags: 0
  m_IsActive: 1
--- !u!4 &6782341418923625781
Transform:
  m_ObjectHideFlags: 0
  m_CorrespondingSourceObject: {fileID: 0}
  m_PrefabInstance: {fileID: 0}
  m_PrefabAsset: {fileID: 0}
  m_GameObject: {fileID: 6782341418923625778}
  m_LocalRotation: {x: 0.0000007732932, y: -0.00003108634, z: 0.024867967, w: 0.9996908}
  m_LocalPosition: {x: -0.036406387, y: -0.000016352229, z: 0.00000302455}
  m_LocalScale: {x: 1, y: 1, z: 1}
  m_Children:
  - {fileID: 6782341420715407707}
  m_Father: {fileID: 6782341420561407017}
  m_RootOrder: 0
  m_LocalEulerAnglesHint: {x: 0, y: 0, z: 0}
--- !u!1 &6782341419017062932
GameObject:
  m_ObjectHideFlags: 0
  m_CorrespondingSourceObject: {fileID: 0}
  m_PrefabInstance: {fileID: 0}
  m_PrefabAsset: {fileID: 0}
  serializedVersion: 6
  m_Component:
  - component: {fileID: 6782341419017062935}
  m_Layer: 0
  m_Name: Character1_LeftHandPinky2
  m_TagString: Untagged
  m_Icon: {fileID: 0}
  m_NavMeshLayer: 0
  m_StaticEditorFlags: 0
  m_IsActive: 1
--- !u!4 &6782341419017062935
Transform:
  m_ObjectHideFlags: 0
  m_CorrespondingSourceObject: {fileID: 0}
  m_PrefabInstance: {fileID: 0}
  m_PrefabAsset: {fileID: 0}
  m_GameObject: {fileID: 6782341419017062932}
  m_LocalRotation: {x: 0, y: 0, z: 0.024874626, w: 0.9996906}
  m_LocalPosition: {x: -0.034370814, y: -0.000015031935, z: -8.881784e-18}
  m_LocalScale: {x: 1, y: 1, z: 1}
  m_Children:
  - {fileID: 6782341418821322244}
  m_Father: {fileID: 6782341419554380718}
  m_RootOrder: 0
  m_LocalEulerAnglesHint: {x: 0, y: 0, z: 0}
--- !u!1 &6782341419043528010
GameObject:
  m_ObjectHideFlags: 0
  m_CorrespondingSourceObject: {fileID: 0}
  m_PrefabInstance: {fileID: 0}
  m_PrefabAsset: {fileID: 0}
  serializedVersion: 6
  m_Component:
  - component: {fileID: 6782341419043528013}
  m_Layer: 0
  m_Name: Additional Pin Target
  m_TagString: Untagged
  m_Icon: {fileID: 0}
  m_NavMeshLayer: 0
  m_StaticEditorFlags: 0
  m_IsActive: 1
--- !u!4 &6782341419043528013
Transform:
  m_ObjectHideFlags: 0
  m_CorrespondingSourceObject: {fileID: 0}
  m_PrefabInstance: {fileID: 0}
  m_PrefabAsset: {fileID: 0}
  m_GameObject: {fileID: 6782341419043528010}
  m_LocalRotation: {x: -0, y: -0, z: -0, w: 1}
  m_LocalPosition: {x: 0, y: 0, z: 0.5}
  m_LocalScale: {x: 1, y: 1, z: 1}
  m_Children: []
  m_Father: {fileID: 6782341420535580349}
  m_RootOrder: 0
  m_LocalEulerAnglesHint: {x: 0, y: 0, z: 0}
--- !u!1 &6782341419200023398
GameObject:
  m_ObjectHideFlags: 0
  m_CorrespondingSourceObject: {fileID: 0}
  m_PrefabInstance: {fileID: 0}
  m_PrefabAsset: {fileID: 0}
  serializedVersion: 6
  m_Component:
  - component: {fileID: 6782341419200023417}
  m_Layer: 0
  m_Name: Character1_LeftHandIndex1
  m_TagString: Untagged
  m_Icon: {fileID: 0}
  m_NavMeshLayer: 0
  m_StaticEditorFlags: 0
  m_IsActive: 1
--- !u!4 &6782341419200023417
Transform:
  m_ObjectHideFlags: 0
  m_CorrespondingSourceObject: {fileID: 0}
  m_PrefabInstance: {fileID: 0}
  m_PrefabAsset: {fileID: 0}
  m_GameObject: {fileID: 6782341419200023398}
  m_LocalRotation: {x: 0, y: -0, z: -0.006217593, w: 0.9999807}
  m_LocalPosition: {x: -0.08821922, y: 0.0020210666, z: 0.022053923}
  m_LocalScale: {x: 1, y: 1, z: 1}
  m_Children:
  - {fileID: 6782341420304304676}
  m_Father: {fileID: 6782341420632488095}
  m_RootOrder: 0
  m_LocalEulerAnglesHint: {x: 0, y: 0, z: 0}
--- !u!1 &6782341419248449583
GameObject:
  m_ObjectHideFlags: 0
  m_CorrespondingSourceObject: {fileID: 0}
  m_PrefabInstance: {fileID: 0}
  m_PrefabAsset: {fileID: 0}
  serializedVersion: 6
  m_Component:
  - component: {fileID: 6782341419248449582}
  m_Layer: 0
  m_Name: Character1_LeftHandThumb3
  m_TagString: Untagged
  m_Icon: {fileID: 0}
  m_NavMeshLayer: 0
  m_StaticEditorFlags: 0
  m_IsActive: 1
--- !u!4 &6782341419248449582
Transform:
  m_ObjectHideFlags: 0
  m_CorrespondingSourceObject: {fileID: 0}
  m_PrefabInstance: {fileID: 0}
  m_PrefabAsset: {fileID: 0}
  m_GameObject: {fileID: 6782341419248449583}
  m_LocalRotation: {x: 0, y: -0, z: -0.07454498, w: 0.99721766}
  m_LocalPosition: {x: -0.011895337, y: 0.000005210889, z: 0.019212574}
  m_LocalScale: {x: 1, y: 1, z: 1}
  m_Children:
  - {fileID: 6782341420410695090}
  m_Father: {fileID: 6782341419646549723}
  m_RootOrder: 0
  m_LocalEulerAnglesHint: {x: 0, y: 0, z: 0}
--- !u!1 &6782341419306641992
GameObject:
  m_ObjectHideFlags: 0
  m_CorrespondingSourceObject: {fileID: 0}
  m_PrefabInstance: {fileID: 0}
  m_PrefabAsset: {fileID: 0}
  serializedVersion: 6
  m_Component:
  - component: {fileID: 6782341419306641995}
  m_Layer: 0
  m_Name: Character1_LeftHandPinky4
  m_TagString: Untagged
  m_Icon: {fileID: 0}
  m_NavMeshLayer: 0
  m_StaticEditorFlags: 0
  m_IsActive: 1
--- !u!4 &6782341419306641995
Transform:
  m_ObjectHideFlags: 0
  m_CorrespondingSourceObject: {fileID: 0}
  m_PrefabInstance: {fileID: 0}
  m_PrefabAsset: {fileID: 0}
  m_GameObject: {fileID: 6782341419306641992}
  m_LocalRotation: {x: 0, y: 0, z: 0.17421891, w: 0.98470694}
  m_LocalPosition: {x: -0.023215855, y: -0.000007889593, z: 0.00000000791}
  m_LocalScale: {x: 1, y: 1, z: 1}
  m_Children: []
  m_Father: {fileID: 6782341418821322244}
  m_RootOrder: 0
  m_LocalEulerAnglesHint: {x: 0, y: 0, z: 0}
--- !u!1 &6782341419344265102
GameObject:
  m_ObjectHideFlags: 0
  m_CorrespondingSourceObject: {fileID: 0}
  m_PrefabInstance: {fileID: 0}
  m_PrefabAsset: {fileID: 0}
  serializedVersion: 6
  m_Component:
  - component: {fileID: 6782341419344265089}
  m_Layer: 0
  m_Name: Character1_LeftHandThumb1
  m_TagString: Untagged
  m_Icon: {fileID: 0}
  m_NavMeshLayer: 0
  m_StaticEditorFlags: 0
  m_IsActive: 1
--- !u!4 &6782341419344265089
Transform:
  m_ObjectHideFlags: 0
  m_CorrespondingSourceObject: {fileID: 0}
  m_PrefabInstance: {fileID: 0}
  m_PrefabAsset: {fileID: 0}
  m_GameObject: {fileID: 6782341419344265102}
  m_LocalRotation: {x: 0, y: -0, z: -0.006217593, w: 0.9999807}
  m_LocalPosition: {x: -0.026460476, y: -0.0079778945, z: 0.02186527}
  m_LocalScale: {x: 1, y: 1, z: 1}
  m_Children:
  - {fileID: 6782341419646549723}
  m_Father: {fileID: 6782341420632488095}
  m_RootOrder: 3
  m_LocalEulerAnglesHint: {x: 0, y: 0, z: 0}
--- !u!1 &6782341419480739628
GameObject:
  m_ObjectHideFlags: 0
  m_CorrespondingSourceObject: {fileID: 0}
  m_PrefabInstance: {fileID: 0}
  m_PrefabAsset: {fileID: 0}
  serializedVersion: 6
  m_Component:
  - component: {fileID: 6782341419480739631}
  m_Layer: 0
  m_Name: Character1_LeftHandIndex3
  m_TagString: Untagged
  m_Icon: {fileID: 0}
  m_NavMeshLayer: 0
  m_StaticEditorFlags: 0
  m_IsActive: 1
--- !u!4 &6782341419480739631
Transform:
  m_ObjectHideFlags: 0
  m_CorrespondingSourceObject: {fileID: 0}
  m_PrefabInstance: {fileID: 0}
  m_PrefabAsset: {fileID: 0}
  m_GameObject: {fileID: 6782341419480739628}
  m_LocalRotation: {x: 0.014608297, y: 0.30839318, z: -0.07279398, w: 0.94835716}
  m_LocalPosition: {x: -0.02385654, y: 0.000010473757, z: 0.0017582121}
  m_LocalScale: {x: 1, y: 1, z: 1}
  m_Children:
  - {fileID: 6782341420751942350}
  m_Father: {fileID: 6782341420304304676}
  m_RootOrder: 0
  m_LocalEulerAnglesHint: {x: 0, y: 0, z: 0}
--- !u!1 &6782341419554380719
GameObject:
  m_ObjectHideFlags: 0
  m_CorrespondingSourceObject: {fileID: 0}
  m_PrefabInstance: {fileID: 0}
  m_PrefabAsset: {fileID: 0}
  serializedVersion: 6
  m_Component:
  - component: {fileID: 6782341419554380718}
  m_Layer: 0
  m_Name: Character1_LeftHandPinky1
  m_TagString: Untagged
  m_Icon: {fileID: 0}
  m_NavMeshLayer: 0
  m_StaticEditorFlags: 0
  m_IsActive: 1
--- !u!4 &6782341419554380718
Transform:
  m_ObjectHideFlags: 0
  m_CorrespondingSourceObject: {fileID: 0}
  m_PrefabInstance: {fileID: 0}
  m_PrefabAsset: {fileID: 0}
  m_GameObject: {fileID: 6782341419554380719}
  m_LocalRotation: {x: 0, y: -0, z: -0.006217593, w: 0.9999807}
  m_LocalPosition: {x: -0.08882359, y: -0.0031063326, z: -0.024903564}
  m_LocalScale: {x: 1, y: 1, z: 1}
  m_Children:
  - {fileID: 6782341419017062935}
  m_Father: {fileID: 6782341420632488095}
  m_RootOrder: 2
  m_LocalEulerAnglesHint: {x: 0, y: 0, z: 0}
--- !u!1 &6782341419591294435
GameObject:
  m_ObjectHideFlags: 0
  m_CorrespondingSourceObject: {fileID: 0}
  m_PrefabInstance: {fileID: 0}
  m_PrefabAsset: {fileID: 0}
  serializedVersion: 6
  m_Component:
  - component: {fileID: 6782341419591294434}
  - component: {fileID: 6782341419591294436}
  - component: {fileID: 6782341419591294437}
  - component: {fileID: 6782341419591294433}
  - component: {fileID: 6782341419591294439}
  - component: {fileID: 1305876514507160828}
  - component: {fileID: 6782341419591294432}
  - component: {fileID: 737831524}
  m_Layer: 0
  m_Name: Interaction Trigger
  m_TagString: Untagged
  m_Icon: {fileID: 0}
  m_NavMeshLayer: 0
  m_StaticEditorFlags: 4294967295
  m_IsActive: 1
--- !u!4 &6782341419591294434
Transform:
  m_ObjectHideFlags: 0
  m_CorrespondingSourceObject: {fileID: 0}
  m_PrefabInstance: {fileID: 0}
  m_PrefabAsset: {fileID: 0}
  m_GameObject: {fileID: 6782341419591294435}
  m_LocalRotation: {x: -0, y: -0, z: -0, w: 1}
  m_LocalPosition: {x: 0, y: 0, z: 0}
  m_LocalScale: {x: 1, y: 1, z: 1}
  m_Children: []
  m_Father: {fileID: 6782341418780785376}
  m_RootOrder: 1
  m_LocalEulerAnglesHint: {x: 0, y: 0, z: 0}
--- !u!114 &6782341419591294436
MonoBehaviour:
  m_ObjectHideFlags: 0
  m_CorrespondingSourceObject: {fileID: 0}
  m_PrefabInstance: {fileID: 0}
  m_PrefabAsset: {fileID: 0}
  m_GameObject: {fileID: 6782341419591294435}
  m_Enabled: 1
  m_EditorHideFlags: 0
  m_Script: {fileID: 11500000, guid: 271d39b80226e4699829647c96a98758, type: 3}
  m_Name: 
  m_EditorClassIdentifier: 
  ranges:
  - name: 'RightHand: Interaction Base'
    show: 1
    characterPosition:
      use: 1
      offset: {x: 0, y: -0.65}
      angleOffset: -4
      maxAngle: 42
      radius: 0.94
      orbit: 1
      fixYAxis: 1
    cameraPosition:
      lookAtTarget: {fileID: 0}
      direction: {x: 0, y: 0, z: 0}
      maxDistance: 0
      maxAngle: 0
      fixYAxis: 0
    interactions:
    - interactionObject: {fileID: 6782341420429882184}
      effectors: 06000000
--- !u!135 &6782341419591294437
SphereCollider:
  m_ObjectHideFlags: 0
  m_CorrespondingSourceObject: {fileID: 0}
  m_PrefabInstance: {fileID: 0}
  m_PrefabAsset: {fileID: 0}
  m_GameObject: {fileID: 6782341419591294435}
  m_Material: {fileID: 0}
  m_IsTrigger: 1
  m_Enabled: 1
  serializedVersion: 2
  m_Radius: 1.22
  m_Center: {x: 0, y: 0, z: 0}
--- !u!114 &6782341419591294433
MonoBehaviour:
  m_ObjectHideFlags: 0
  m_CorrespondingSourceObject: {fileID: 0}
  m_PrefabInstance: {fileID: 0}
  m_PrefabAsset: {fileID: 0}
  m_GameObject: {fileID: 6782341419591294435}
  m_Enabled: 1
  m_EditorHideFlags: 0
  m_Script: {fileID: 11500000, guid: 68f295eaa5ebd234ea17edae33b49855, type: 3}
  m_Name: 
  m_EditorClassIdentifier: 
  ApplicablePropTypes:
  - {fileID: 11400000, guid: 1dc15c59ac7e3dd4ca685ae2765eff9d, type: 2}
  usableProps:
  - {fileID: 0}
  animationName: 
  propInteractionEvent:
    m_PersistentCalls:
      m_Calls:
      - m_Target: {fileID: 6782341419591294432}
        m_TargetAssemblyTypeName: Collapse, Assembly-CSharp
        m_MethodName: CollapseRigidBodies
        m_Mode: 1
        m_Arguments:
          m_ObjectArgument: {fileID: 0}
          m_ObjectArgumentAssemblyTypeName: UnityEngine.Object, UnityEngine
          m_IntArgument: 0
          m_FloatArgument: 0
          m_StringArgument: 
          m_BoolArgument: 0
        m_CallState: 2
      - m_Target: {fileID: 737831524}
        m_TargetAssemblyTypeName: ComponentActivationManager, Assembly-CSharp
        m_MethodName: DisableComponents
        m_Mode: 1
        m_Arguments:
          m_ObjectArgument: {fileID: 0}
          m_ObjectArgumentAssemblyTypeName: UnityEngine.Object, UnityEngine
          m_IntArgument: 0
          m_FloatArgument: 0
          m_StringArgument: 
          m_BoolArgument: 0
        m_CallState: 2
  interactionObject: {fileID: 6782341420429882184}
  interactionController: {fileID: 0}
  charAnim: {fileID: 0}
--- !u!114 &6782341419591294439
MonoBehaviour:
  m_ObjectHideFlags: 0
  m_CorrespondingSourceObject: {fileID: 0}
  m_PrefabInstance: {fileID: 0}
  m_PrefabAsset: {fileID: 0}
  m_GameObject: {fileID: 6782341419591294435}
  m_Enabled: 1
  m_EditorHideFlags: 0
  m_Script: {fileID: 11500000, guid: 5502113011800284b93cb8669129d750, type: 3}
  m_Name: 
  m_EditorClassIdentifier: 
  displaying: 0
  DefaultMesh: {fileID: 1305876514507160828}
  DisplayMesh: {fileID: 1980418056871403176}
  DisplayRenderer: {fileID: 1980418056871403179}
  pivot: {fileID: 7837700981823113570}
  AddToScale: 0
  highlightMaterial: {fileID: 2100000, guid: edb42ecbe9220974ca4bf9703ff3e8f0, type: 2}
--- !u!33 &1305876514507160828
MeshFilter:
  m_ObjectHideFlags: 0
  m_CorrespondingSourceObject: {fileID: 0}
  m_PrefabInstance: {fileID: 0}
  m_PrefabAsset: {fileID: 0}
  m_GameObject: {fileID: 6782341419591294435}
  m_Mesh: {fileID: -456610430502642811, guid: 156aac1229a29b14a9282960e5c0fa82, type: 3}
--- !u!114 &6782341419591294432
MonoBehaviour:
  m_ObjectHideFlags: 0
  m_CorrespondingSourceObject: {fileID: 0}
  m_PrefabInstance: {fileID: 0}
  m_PrefabAsset: {fileID: 0}
  m_GameObject: {fileID: 6782341419591294435}
  m_Enabled: 1
  m_EditorHideFlags: 0
  m_Script: {fileID: 11500000, guid: 0eb2a88f17e714643be10e03f5309ad5, type: 3}
  m_Name: 
  m_EditorClassIdentifier: 
  rigidbodies:
  - {fileID: 1770162989853326569}
--- !u!114 &737831524
MonoBehaviour:
  m_ObjectHideFlags: 0
  m_CorrespondingSourceObject: {fileID: 0}
  m_PrefabInstance: {fileID: 0}
  m_PrefabAsset: {fileID: 0}
  m_GameObject: {fileID: 6782341419591294435}
  m_Enabled: 1
  m_EditorHideFlags: 0
  m_Script: {fileID: 11500000, guid: c33124a59f8c1d5478ca11247230b778, type: 3}
  m_Name: 
  m_EditorClassIdentifier: 
  Components: []
  gameObjects:
  - {fileID: 6782341419591294435}
--- !u!1 &6782341419646549720
GameObject:
  m_ObjectHideFlags: 0
  m_CorrespondingSourceObject: {fileID: 0}
  m_PrefabInstance: {fileID: 0}
  m_PrefabAsset: {fileID: 0}
  serializedVersion: 6
  m_Component:
  - component: {fileID: 6782341419646549723}
  m_Layer: 0
  m_Name: Character1_LeftHandThumb2
  m_TagString: Untagged
  m_Icon: {fileID: 0}
  m_NavMeshLayer: 0
  m_StaticEditorFlags: 0
  m_IsActive: 1
--- !u!4 &6782341419646549723
Transform:
  m_ObjectHideFlags: 0
  m_CorrespondingSourceObject: {fileID: 0}
  m_PrefabInstance: {fileID: 0}
  m_PrefabAsset: {fileID: 0}
  m_GameObject: {fileID: 6782341419646549720}
  m_LocalRotation: {x: 0, y: 0, z: 0.024867967, w: 0.9996908}
  m_LocalPosition: {x: -0.00896754, y: -0.0053650225, z: 0.018427372}
  m_LocalScale: {x: 1, y: 1, z: 1}
  m_Children:
  - {fileID: 6782341419248449582}
  m_Father: {fileID: 6782341419344265089}
  m_RootOrder: 0
  m_LocalEulerAnglesHint: {x: 0, y: 0, z: 0}
--- !u!1 &6782341420081900700
GameObject:
  m_ObjectHideFlags: 0
  m_CorrespondingSourceObject: {fileID: 0}
  m_PrefabInstance: {fileID: 0}
  m_PrefabAsset: {fileID: 0}
  serializedVersion: 6
  m_Component:
  - component: {fileID: 6782341420081900703}
  m_Layer: 0
  m_Name: Character1_LeftHandMiddle4
  m_TagString: Untagged
  m_Icon: {fileID: 0}
  m_NavMeshLayer: 0
  m_StaticEditorFlags: 0
  m_IsActive: 1
--- !u!4 &6782341420081900703
Transform:
  m_ObjectHideFlags: 0
  m_CorrespondingSourceObject: {fileID: 0}
  m_PrefabInstance: {fileID: 0}
  m_PrefabAsset: {fileID: 0}
  m_GameObject: {fileID: 6782341420081900700}
  m_LocalRotation: {x: 0.00038187904, y: -0.004713648, z: 0.17321496, w: 0.9848727}
  m_LocalPosition: {x: -0.020056318, y: -0.000005405077, z: -0.0000062480854}
  m_LocalScale: {x: 1, y: 1, z: 1}
  m_Children: []
  m_Father: {fileID: 6782341420715407707}
  m_RootOrder: 0
  m_LocalEulerAnglesHint: {x: 0, y: 0, z: 0}
--- !u!1 &6782341420085555606
GameObject:
  m_ObjectHideFlags: 0
  m_CorrespondingSourceObject: {fileID: 0}
  m_PrefabInstance: {fileID: 0}
  m_PrefabAsset: {fileID: 0}
  serializedVersion: 6
  m_Component:
  - component: {fileID: 6782341420085555689}
  - component: {fileID: 6782341420085555690}
  - component: {fileID: 6782341420085555691}
  - component: {fileID: 6782341420085555688}
  m_Layer: 0
  m_Name: Sphere
  m_TagString: Untagged
  m_Icon: {fileID: 0}
  m_NavMeshLayer: 0
  m_StaticEditorFlags: 0
  m_IsActive: 0
--- !u!4 &6782341420085555689
Transform:
  m_ObjectHideFlags: 0
  m_CorrespondingSourceObject: {fileID: 0}
  m_PrefabInstance: {fileID: 0}
  m_PrefabAsset: {fileID: 0}
  m_GameObject: {fileID: 6782341420085555606}
  m_LocalRotation: {x: 0, y: 0, z: 0, w: 1}
  m_LocalPosition: {x: 0, y: 0, z: 0}
  m_LocalScale: {x: 0.2, y: 0.2, z: 0.2}
  m_Children: []
  m_Father: {fileID: 6782341420429882186}
  m_RootOrder: 0
  m_LocalEulerAnglesHint: {x: 0, y: 0, z: 0}
--- !u!33 &6782341420085555690
MeshFilter:
  m_ObjectHideFlags: 0
  m_CorrespondingSourceObject: {fileID: 0}
  m_PrefabInstance: {fileID: 0}
  m_PrefabAsset: {fileID: 0}
  m_GameObject: {fileID: 6782341420085555606}
  m_Mesh: {fileID: 10207, guid: 0000000000000000e000000000000000, type: 0}
--- !u!23 &6782341420085555691
MeshRenderer:
  m_ObjectHideFlags: 0
  m_CorrespondingSourceObject: {fileID: 0}
  m_PrefabInstance: {fileID: 0}
  m_PrefabAsset: {fileID: 0}
  m_GameObject: {fileID: 6782341420085555606}
  m_Enabled: 1
  m_CastShadows: 1
  m_ReceiveShadows: 1
  m_DynamicOccludee: 1
  m_MotionVectors: 1
  m_LightProbeUsage: 1
  m_ReflectionProbeUsage: 1
  m_RayTracingMode: 2
  m_RayTraceProcedural: 0
  m_RenderingLayerMask: 1
  m_RendererPriority: 0
  m_Materials:
  - {fileID: 2100000, guid: 31321ba15b8f8eb4c954353edc038b1d, type: 2}
  m_StaticBatchInfo:
    firstSubMesh: 0
    subMeshCount: 0
  m_StaticBatchRoot: {fileID: 0}
  m_ProbeAnchor: {fileID: 0}
  m_LightProbeVolumeOverride: {fileID: 0}
  m_ScaleInLightmap: 1
  m_ReceiveGI: 1
  m_PreserveUVs: 0
  m_IgnoreNormalsForChartDetection: 0
  m_ImportantGI: 0
  m_StitchLightmapSeams: 1
  m_SelectedEditorRenderState: 3
  m_MinimumChartSize: 4
  m_AutoUVMaxDistance: 0.5
  m_AutoUVMaxAngle: 89
  m_LightmapParameters: {fileID: 0}
  m_SortingLayerID: 0
  m_SortingLayer: 0
  m_SortingOrder: 0
  m_AdditionalVertexStreams: {fileID: 0}
--- !u!135 &6782341420085555688
SphereCollider:
  m_ObjectHideFlags: 0
  m_CorrespondingSourceObject: {fileID: 0}
  m_PrefabInstance: {fileID: 0}
  m_PrefabAsset: {fileID: 0}
  m_GameObject: {fileID: 6782341420085555606}
  m_Material: {fileID: 0}
  m_IsTrigger: 0
  m_Enabled: 1
  serializedVersion: 2
  m_Radius: 0.5
  m_Center: {x: 0, y: 0, z: 0}
--- !u!1 &6782341420304304677
GameObject:
  m_ObjectHideFlags: 0
  m_CorrespondingSourceObject: {fileID: 0}
  m_PrefabInstance: {fileID: 0}
  m_PrefabAsset: {fileID: 0}
  serializedVersion: 6
  m_Component:
  - component: {fileID: 6782341420304304676}
  m_Layer: 0
  m_Name: Character1_LeftHandIndex2
  m_TagString: Untagged
  m_Icon: {fileID: 0}
  m_NavMeshLayer: 0
  m_StaticEditorFlags: 0
  m_IsActive: 1
--- !u!4 &6782341420304304676
Transform:
  m_ObjectHideFlags: 0
  m_CorrespondingSourceObject: {fileID: 0}
  m_PrefabInstance: {fileID: 0}
  m_PrefabAsset: {fileID: 0}
  m_GameObject: {fileID: 6782341420304304677}
  m_LocalRotation: {x: 0.00043405147, y: -0.017447008, z: 0.024861569, w: 0.99953854}
  m_LocalPosition: {x: -0.031748008, y: -0.000014480879, z: 0.0014719901}
  m_LocalScale: {x: 1, y: 1, z: 1}
  m_Children:
  - {fileID: 6782341419480739631}
  m_Father: {fileID: 6782341419200023417}
  m_RootOrder: 0
  m_LocalEulerAnglesHint: {x: 0, y: 0, z: 0}
--- !u!1 &6782341420410695091
GameObject:
  m_ObjectHideFlags: 0
  m_CorrespondingSourceObject: {fileID: 0}
  m_PrefabInstance: {fileID: 0}
  m_PrefabAsset: {fileID: 0}
  serializedVersion: 6
  m_Component:
  - component: {fileID: 6782341420410695090}
  m_Layer: 0
  m_Name: Character1_LeftHandThumb4
  m_TagString: Untagged
  m_Icon: {fileID: 0}
  m_NavMeshLayer: 0
  m_StaticEditorFlags: 0
  m_IsActive: 1
--- !u!4 &6782341420410695090
Transform:
  m_ObjectHideFlags: 0
  m_CorrespondingSourceObject: {fileID: 0}
  m_PrefabInstance: {fileID: 0}
  m_PrefabAsset: {fileID: 0}
  m_GameObject: {fileID: 6782341420410695091}
  m_LocalRotation: {x: 0, y: 0, z: 0.17325915, w: 0.9848763}
  m_LocalPosition: {x: -0.017497867, y: -0.0000047775525, z: 0.016592514}
  m_LocalScale: {x: 1, y: 1, z: 1}
  m_Children: []
  m_Father: {fileID: 6782341419248449582}
  m_RootOrder: 0
  m_LocalEulerAnglesHint: {x: 0, y: 0, z: 0}
--- !u!1 &6782341420429882185
GameObject:
  m_ObjectHideFlags: 0
  m_CorrespondingSourceObject: {fileID: 0}
  m_PrefabInstance: {fileID: 0}
  m_PrefabAsset: {fileID: 0}
  serializedVersion: 6
  m_Component:
  - component: {fileID: 6782341420429882186}
  - component: {fileID: 6782341420429882184}
  - component: {fileID: 7837700981013452169}
  - component: {fileID: 458657073716927772}
  m_Layer: 0
  m_Name: Interaction Base
  m_TagString: Untagged
  m_Icon: {fileID: 0}
  m_NavMeshLayer: 0
  m_StaticEditorFlags: 0
  m_IsActive: 1
--- !u!4 &6782341420429882186
Transform:
  m_ObjectHideFlags: 0
  m_CorrespondingSourceObject: {fileID: 0}
  m_PrefabInstance: {fileID: 0}
  m_PrefabAsset: {fileID: 0}
  m_GameObject: {fileID: 6782341420429882185}
  m_LocalRotation: {x: -0, y: -0, z: -0, w: 1}
  m_LocalPosition: {x: 0, y: 0, z: 0}
  m_LocalScale: {x: 1, y: 1, z: 1}
  m_Children:
  - {fileID: 6782341420085555689}
  - {fileID: 6782341420632488095}
  m_Father: {fileID: 6782341418780785376}
  m_RootOrder: 0
  m_LocalEulerAnglesHint: {x: 0, y: 0, z: 0}
--- !u!114 &6782341420429882184
MonoBehaviour:
  m_ObjectHideFlags: 0
  m_CorrespondingSourceObject: {fileID: 0}
  m_PrefabInstance: {fileID: 0}
  m_PrefabAsset: {fileID: 0}
  m_GameObject: {fileID: 6782341420429882185}
  m_Enabled: 1
  m_EditorHideFlags: 0
  m_Script: {fileID: 11500000, guid: 41f425a4a83914b04af3f1642c000f5d, type: 3}
  m_Name: 
  m_EditorClassIdentifier: 
  otherLookAtTarget: {fileID: 0}
  otherTargetsRoot: {fileID: 0}
  positionOffsetSpace: {fileID: 0}
  weightCurves: []
  multipliers:
  - curve: 0
    multiplier: 1
    result: 7
  - curve: 11
    multiplier: 1
    result: 0
  - curve: 0
    multiplier: 1
    result: 10
  events:
  - time: 0
    pause: 0
    pickUp: 0
    animations: []
    messages: []
    unityEvent:
      m_PersistentCalls:
        m_Calls:
        - m_Target: {fileID: 458657073716927772}
          m_TargetAssemblyTypeName: PropTypeFilter, Assembly-CSharp
          m_MethodName: OnAttemptInteraction
          m_Mode: 1
          m_Arguments:
            m_ObjectArgument: {fileID: 0}
            m_ObjectArgumentAssemblyTypeName: UnityEngine.Object, UnityEngine
            m_IntArgument: 0
            m_FloatArgument: 0
            m_StringArgument: 
            m_BoolArgument: 0
          m_CallState: 2
  - time: 1
    pause: 0
    pickUp: 0
    animations: []
    messages: []
    unityEvent:
      m_PersistentCalls:
        m_Calls:
        - m_Target: {fileID: 6782341419591294433}
          m_TargetAssemblyTypeName: PropTypeFilter, Assembly-CSharp
          m_MethodName: OnAttemptInteraction
          m_Mode: 1
          m_Arguments:
            m_ObjectArgument: {fileID: 0}
            m_ObjectArgumentAssemblyTypeName: UnityEngine.Object, UnityEngine
            m_IntArgument: 0
            m_FloatArgument: 0
            m_StringArgument: 
            m_BoolArgument: 0
          m_CallState: 2
--- !u!114 &7837700981013452169
MonoBehaviour:
  m_ObjectHideFlags: 0
  m_CorrespondingSourceObject: {fileID: 0}
  m_PrefabInstance: {fileID: 0}
  m_PrefabAsset: {fileID: 0}
  m_GameObject: {fileID: 6782341420429882185}
  m_Enabled: 0
  m_EditorHideFlags: 0
  m_Script: {fileID: 11500000, guid: 33a94171fe6be0042a4fe8f5ca66f019, type: 3}
  m_Name: 
  m_EditorClassIdentifier: 
  currentThreshold: 0
  fuses: []
--- !u!114 &458657073716927772
MonoBehaviour:
  m_ObjectHideFlags: 0
  m_CorrespondingSourceObject: {fileID: 0}
  m_PrefabInstance: {fileID: 0}
  m_PrefabAsset: {fileID: 0}
  m_GameObject: {fileID: 6782341420429882185}
  m_Enabled: 1
  m_EditorHideFlags: 0
  m_Script: {fileID: 11500000, guid: 68f295eaa5ebd234ea17edae33b49855, type: 3}
  m_Name: 
  m_EditorClassIdentifier: 
  ApplicablePropTypes:
  - {fileID: 11400000, guid: 1dc15c59ac7e3dd4ca685ae2765eff9d, type: 2}
  usableProps:
  - {fileID: 0}
  animationName: Upperbody Actions.SwingProp
  propInteractionEvent:
    m_PersistentCalls:
      m_Calls: []
  interactionObject: {fileID: 6782341420429882184}
  interactionController: {fileID: 0}
  charAnim: {fileID: 0}
--- !u!1 &6782341420535580346
GameObject:
  m_ObjectHideFlags: 0
  m_CorrespondingSourceObject: {fileID: 0}
  m_PrefabInstance: {fileID: 0}
  m_PrefabAsset: {fileID: 0}
  serializedVersion: 6
  m_Component:
  - component: {fileID: 6782341420535580349}
  m_Layer: 0
  m_Name: Prop Muscle Target Character1_LeftHand
  m_TagString: Untagged
  m_Icon: {fileID: 0}
  m_NavMeshLayer: 0
  m_StaticEditorFlags: 0
  m_IsActive: 1
--- !u!4 &6782341420535580349
Transform:
  m_ObjectHideFlags: 0
  m_CorrespondingSourceObject: {fileID: 0}
  m_PrefabInstance: {fileID: 0}
  m_PrefabAsset: {fileID: 0}
  m_GameObject: {fileID: 6782341420535580346}
  m_LocalRotation: {x: -0, y: -0, z: 1.1641532e-10, w: 1}
  m_LocalPosition: {x: -0.04950035, y: -0.019299958, z: -0.00000007543713}
  m_LocalScale: {x: 0.9999999, y: 0.9999999, z: 1}
  m_Children:
  - {fileID: 6782341419043528013}
  m_Father: {fileID: 6782341420632488095}
  m_RootOrder: 4
  m_LocalEulerAnglesHint: {x: 0, y: 0, z: 0}
--- !u!1 &6782341420561407446
GameObject:
  m_ObjectHideFlags: 0
  m_CorrespondingSourceObject: {fileID: 0}
  m_PrefabInstance: {fileID: 0}
  m_PrefabAsset: {fileID: 0}
  serializedVersion: 6
  m_Component:
  - component: {fileID: 6782341420561407017}
  m_Layer: 0
  m_Name: Character1_LeftHandMiddle1
  m_TagString: Untagged
  m_Icon: {fileID: 0}
  m_NavMeshLayer: 0
  m_StaticEditorFlags: 0
  m_IsActive: 1
--- !u!4 &6782341420561407017
Transform:
  m_ObjectHideFlags: 0
  m_CorrespondingSourceObject: {fileID: 0}
  m_PrefabInstance: {fileID: 0}
  m_PrefabAsset: {fileID: 0}
  m_GameObject: {fileID: 6782341420561407446}
  m_LocalRotation: {x: 0, y: -0, z: -0.006217593, w: 0.9999807}
  m_LocalPosition: {x: -0.08809744, y: 0.005032647, z: -0.0022358112}
  m_LocalScale: {x: 1, y: 1, z: 1}
  m_Children:
  - {fileID: 6782341418923625781}
  m_Father: {fileID: 6782341420632488095}
  m_RootOrder: 1
  m_LocalEulerAnglesHint: {x: 0, y: 0, z: 0}
--- !u!1 &6782341420632488092
GameObject:
  m_ObjectHideFlags: 0
  m_CorrespondingSourceObject: {fileID: 0}
  m_PrefabInstance: {fileID: 0}
  m_PrefabAsset: {fileID: 0}
  serializedVersion: 6
  m_Component:
  - component: {fileID: 6782341420632488095}
  - component: {fileID: 6782341420632488081}
  - component: {fileID: 6782341420632488094}
  m_Layer: 0
  m_Name: Character1_LeftHand
  m_TagString: Untagged
  m_Icon: {fileID: 0}
  m_NavMeshLayer: 0
  m_StaticEditorFlags: 0
  m_IsActive: 1
--- !u!4 &6782341420632488095
Transform:
  m_ObjectHideFlags: 0
  m_CorrespondingSourceObject: {fileID: 0}
  m_PrefabInstance: {fileID: 0}
  m_PrefabAsset: {fileID: 0}
  m_GameObject: {fileID: 6782341420632488092}
  m_LocalRotation: {x: -0.7165067, y: 0.012084709, z: 0.69743603, w: -0.0074258195}
  m_LocalPosition: {x: -0.0011, y: 0.0848, z: -0.091}
  m_LocalScale: {x: 1, y: 1, z: 1}
  m_Children:
  - {fileID: 6782341419200023417}
  - {fileID: 6782341420561407017}
  - {fileID: 6782341419554380718}
  - {fileID: 6782341419344265089}
  - {fileID: 6782341420535580349}
  m_Father: {fileID: 6782341420429882186}
  m_RootOrder: 1
  m_LocalEulerAnglesHint: {x: -0.356, y: 268.45, z: -178.414}
--- !u!114 &6782341420632488081
MonoBehaviour:
  m_ObjectHideFlags: 0
  m_CorrespondingSourceObject: {fileID: 0}
  m_PrefabInstance: {fileID: 0}
  m_PrefabAsset: {fileID: 0}
  m_GameObject: {fileID: 6782341420632488092}
  m_Enabled: 1
  m_EditorHideFlags: 0
  m_Script: {fileID: 11500000, guid: a98c3501ec8dc43c8a64321bd55c3f63, type: 3}
  m_Name: 
  m_EditorClassIdentifier: 
  fixTransforms: 1
  poseRoot: {fileID: 0}
  weight: 1
  localRotationWeight: 1
  localPositionWeight: 0
--- !u!114 &6782341420632488094
MonoBehaviour:
  m_ObjectHideFlags: 0
  m_CorrespondingSourceObject: {fileID: 0}
  m_PrefabInstance: {fileID: 0}
  m_PrefabAsset: {fileID: 0}
  m_GameObject: {fileID: 6782341420632488092}
  m_Enabled: 1
  m_EditorHideFlags: 0
  m_Script: {fileID: 11500000, guid: 4c15924752853459490d29011ba18d1d, type: 3}
  m_Name: 
  m_EditorClassIdentifier: 
  effectorType: 5
  multipliers: []
  interactionSpeedMlp: 1
  pivot: {fileID: 0}
  rotationMode: 0
  twistAxis: {x: 0, y: 1, z: 0}
  twistWeight: 1
  swingWeight: 0
  threeDOFWeight: 1
  rotateOnce: 1
--- !u!1 &6782341420715407704
GameObject:
  m_ObjectHideFlags: 0
  m_CorrespondingSourceObject: {fileID: 0}
  m_PrefabInstance: {fileID: 0}
  m_PrefabAsset: {fileID: 0}
  serializedVersion: 6
  m_Component:
  - component: {fileID: 6782341420715407707}
  m_Layer: 0
  m_Name: Character1_LeftHandMiddle3
  m_TagString: Untagged
  m_Icon: {fileID: 0}
  m_NavMeshLayer: 0
  m_StaticEditorFlags: 0
  m_IsActive: 1
--- !u!4 &6782341420715407707
Transform:
  m_ObjectHideFlags: 0
  m_CorrespondingSourceObject: {fileID: 0}
  m_PrefabInstance: {fileID: 0}
  m_PrefabAsset: {fileID: 0}
  m_GameObject: {fileID: 6782341420715407704}
  m_LocalRotation: {x: 0.00002628437, y: 0.00055860187, z: -0.07454239, w: 0.9972177}
  m_LocalPosition: {x: -0.021102654, y: 0.000009478431, z: 0.0000030302442}
  m_LocalScale: {x: 1, y: 1, z: 1}
  m_Children:
  - {fileID: 6782341420081900703}
  m_Father: {fileID: 6782341418923625781}
  m_RootOrder: 0
  m_LocalEulerAnglesHint: {x: 0, y: 0, z: 0}
--- !u!1 &6782341420751942351
GameObject:
  m_ObjectHideFlags: 0
  m_CorrespondingSourceObject: {fileID: 0}
  m_PrefabInstance: {fileID: 0}
  m_PrefabAsset: {fileID: 0}
  serializedVersion: 6
  m_Component:
  - component: {fileID: 6782341420751942350}
  m_Layer: 0
  m_Name: Character1_LeftHandIndex4
  m_TagString: Untagged
  m_Icon: {fileID: 0}
  m_NavMeshLayer: 0
  m_StaticEditorFlags: 0
  m_IsActive: 1
--- !u!4 &6782341420751942350
Transform:
  m_ObjectHideFlags: 0
  m_CorrespondingSourceObject: {fileID: 0}
  m_PrefabInstance: {fileID: 0}
  m_PrefabAsset: {fileID: 0}
  m_GameObject: {fileID: 6782341420751942351}
  m_LocalRotation: {x: -0.110295184, y: 0.44348434, z: -0.02079707, w: 0.88922673}
  m_LocalPosition: {x: -0.019284517, y: -0.000004766019, z: -0.0034016212}
  m_LocalScale: {x: 1, y: 1, z: 1}
  m_Children: []
  m_Father: {fileID: 6782341419480739631}
  m_RootOrder: 0
  m_LocalEulerAnglesHint: {x: 0, y: 0, z: 0}
--- !u!1 &7837700981823113571
GameObject:
  m_ObjectHideFlags: 0
  m_CorrespondingSourceObject: {fileID: 0}
  m_PrefabInstance: {fileID: 0}
  m_PrefabAsset: {fileID: 0}
  serializedVersion: 6
  m_Component:
  - component: {fileID: 7837700981823113570}
  m_Layer: 0
  m_Name: Pivot
  m_TagString: Untagged
  m_Icon: {fileID: 0}
  m_NavMeshLayer: 0
  m_StaticEditorFlags: 0
  m_IsActive: 1
--- !u!4 &7837700981823113570
Transform:
  m_ObjectHideFlags: 0
  m_CorrespondingSourceObject: {fileID: 0}
  m_PrefabInstance: {fileID: 0}
  m_PrefabAsset: {fileID: 0}
  m_GameObject: {fileID: 7837700981823113571}
  m_LocalRotation: {x: 0, y: 0, z: 0, w: 1}
  m_LocalPosition: {x: 0, y: 0, z: 0}
  m_LocalScale: {x: 1, y: 1, z: 1}
  m_Children:
  - {fileID: 1980418056871403178}
  m_Father: {fileID: 6782341418780785376}
  m_RootOrder: 2
  m_LocalEulerAnglesHint: {x: 0, y: 0, z: 0}
