%YAML 1.1
%TAG !u! tag:unity3d.com,2011:
--- !u!1 &463557426055090852
GameObject:
  m_ObjectHideFlags: 0
  m_CorrespondingSourceObject: {fileID: 0}
  m_PrefabInstance: {fileID: 0}
  m_PrefabAsset: {fileID: 0}
  serializedVersion: 6
  m_Component:
  - component: {fileID: 3708964921137118566}
  - component: {fileID: 6535496936252483191}
  - component: {fileID: 8943728796819790973}
  - component: {fileID: 7572083135000354132}
  - component: {fileID: 6666186213692687986}
  - component: {fileID: 5830017277692409670}
  - component: {fileID: 5253284661017371465}
  - component: {fileID: 3742986602816348389}
  - component: {fileID: 6042783433483594108}
  m_Layer: 0
  m_Name: LiquidVolume
  m_TagString: Untagged
  m_Icon: {fileID: 0}
  m_NavMeshLayer: 0
  m_StaticEditorFlags: 0
  m_IsActive: 1
--- !u!4 &3708964921137118566
Transform:
  m_ObjectHideFlags: 0
  m_CorrespondingSourceObject: {fileID: 0}
  m_PrefabInstance: {fileID: 0}
  m_PrefabAsset: {fileID: 0}
  m_GameObject: {fileID: 463557426055090852}
  m_LocalRotation: {x: 0, y: 0, z: 0, w: 1}
  m_LocalPosition: {x: 0, y: 0, z: 0}
  m_LocalScale: {x: 0.9, y: 0.9, z: 0.9}
  m_Children: []
  m_Father: {fileID: 6156734590398789075}
  m_RootOrder: 1
  m_LocalEulerAnglesHint: {x: 0, y: 0, z: 0}
--- !u!33 &6535496936252483191
MeshFilter:
  m_ObjectHideFlags: 0
  m_CorrespondingSourceObject: {fileID: 0}
  m_PrefabInstance: {fileID: 0}
  m_PrefabAsset: {fileID: 0}
  m_GameObject: {fileID: 463557426055090852}
  m_Mesh: {fileID: 10206, guid: 0000000000000000e000000000000000, type: 0}
--- !u!23 &8943728796819790973
MeshRenderer:
  m_ObjectHideFlags: 0
  m_CorrespondingSourceObject: {fileID: 0}
  m_PrefabInstance: {fileID: 0}
  m_PrefabAsset: {fileID: 0}
  m_GameObject: {fileID: 463557426055090852}
  m_Enabled: 1
  m_CastShadows: 1
  m_ReceiveShadows: 1
  m_DynamicOccludee: 1
  m_MotionVectors: 1
  m_LightProbeUsage: 1
  m_ReflectionProbeUsage: 1
  m_RayTracingMode: 2
  m_RayTraceProcedural: 0
  m_RenderingLayerMask: 1
  m_RendererPriority: 0
  m_Materials:
  - {fileID: 2100000, guid: 18ab39b63828f194796767d026e84882, type: 2}
  m_StaticBatchInfo:
    firstSubMesh: 0
    subMeshCount: 0
  m_StaticBatchRoot: {fileID: 0}
  m_ProbeAnchor: {fileID: 0}
  m_LightProbeVolumeOverride: {fileID: 0}
  m_ScaleInLightmap: 1
  m_ReceiveGI: 1
  m_PreserveUVs: 0
  m_IgnoreNormalsForChartDetection: 0
  m_ImportantGI: 0
  m_StitchLightmapSeams: 1
  m_SelectedEditorRenderState: 3
  m_MinimumChartSize: 4
  m_AutoUVMaxDistance: 0.5
  m_AutoUVMaxAngle: 89
  m_LightmapParameters: {fileID: 0}
  m_SortingLayerID: 0
  m_SortingLayer: 0
  m_SortingOrder: 0
  m_AdditionalVertexStreams: {fileID: 0}
--- !u!65 &7572083135000354132
BoxCollider:
  m_ObjectHideFlags: 0
  m_CorrespondingSourceObject: {fileID: 0}
  m_PrefabInstance: {fileID: 0}
  m_PrefabAsset: {fileID: 0}
  m_GameObject: {fileID: 463557426055090852}
  m_Material: {fileID: 0}
  m_IsTrigger: 0
  m_Enabled: 1
  serializedVersion: 2
  m_Size: {x: 1, y: 1, z: 1}
  m_Center: {x: 0, y: 0, z: 0}
--- !u!114 &6666186213692687986
MonoBehaviour:
  m_ObjectHideFlags: 0
  m_CorrespondingSourceObject: {fileID: 0}
  m_PrefabInstance: {fileID: 0}
  m_PrefabAsset: {fileID: 0}
  m_GameObject: {fileID: 463557426055090852}
  m_Enabled: 1
  m_EditorHideFlags: 0
  m_Script: {fileID: 11500000, guid: ea7d7495833204790ba1d3a8755397f8, type: 3}
  m_Name: 
  m_EditorClassIdentifier: 
  ConversionMode: 0
--- !u!114 &5830017277692409670
MonoBehaviour:
  m_ObjectHideFlags: 0
  m_CorrespondingSourceObject: {fileID: 0}
  m_PrefabInstance: {fileID: 0}
  m_PrefabAsset: {fileID: 0}
  m_GameObject: {fileID: 463557426055090852}
  m_Enabled: 1
  m_EditorHideFlags: 0
  m_Script: {fileID: 11500000, guid: c7d849f6ed953e947a0ea6954432e1ca, type: 3}
  m_Name: 
  m_EditorClassIdentifier: 
  overrideAsset: {fileID: 11400000, guid: 43c3ebfb3e01a9e43aac1c2bf8cfefdc, type: 2}
  overrideList:
  - name: _Color
    displayName: _Color
    shaderName: Assets/_JOE/Shaders/CrossSection.shadergraph
    materialName: Shader Graphs_CrossSection
    type: 0
    value: {x: 0.1529412, y: 0.34633255, z: 0.48235294, w: 1}
    instanceOverride: 1
  - name: _CutoffColor
    displayName: _CutoffColor
    shaderName: Assets/_JOE/Shaders/CrossSection.shadergraph
    materialName: Shader Graphs_CrossSection
    type: 0
    value: {x: 0.10588235, y: 0.13528901, z: 0.44313726, w: 0}
    instanceOverride: 1
  - name: _MyAnimationTime
    displayName: _MyAnimationTime
    shaderName: Assets/_JOE/Shaders/CrossSection.shadergraph
    materialName: Shader Graphs_CrossSection
    type: 2
    value: {x: 0, y: 0, z: 0, w: 0}
    instanceOverride: 0
  - name: _Plane
    displayName: _Plane
    shaderName: Assets/_JOE/Shaders/CrossSection.shadergraph
    materialName: Shader Graphs_CrossSection
    type: 1
    value: {x: 0, y: 0.97861475, z: -0.20570154, w: -7.4028482}
    instanceOverride: 0
  - name: _Fill
    displayName: _Fill
    shaderName: Assets/_JOE/Shaders/CrossSection.shadergraph
    materialName: Shader Graphs_CrossSection
    type: 2
    value: {x: 0.06, y: 0, z: 0, w: 0}
    instanceOverride: 0
  - name: _WobbleX
    displayName: _WobbleX
    shaderName: Assets/_JOE/Shaders/CrossSection.shadergraph
    materialName: Shader Graphs_CrossSection
    type: 2
    value: {x: 0, y: 0, z: 0, w: 0}
    instanceOverride: 0
  - name: _WobbleZ
    displayName: _WobbleZ
    shaderName: Assets/_JOE/Shaders/CrossSection.shadergraph
    materialName: Shader Graphs_CrossSection
    type: 2
    value: {x: 0, y: 0, z: 0, w: 0}
    instanceOverride: 0
--- !u!114 &5253284661017371465
MonoBehaviour:
  m_ObjectHideFlags: 0
  m_CorrespondingSourceObject: {fileID: 0}
  m_PrefabInstance: {fileID: 0}
  m_PrefabAsset: {fileID: 0}
  m_GameObject: {fileID: 463557426055090852}
  m_Enabled: 1
  m_EditorHideFlags: 0
  m_Script: {fileID: 11500000, guid: 265ab5b183b29a14da6d3138bf224e23, type: 3}
  m_Name: 
  m_EditorClassIdentifier: 
  Plane: {fileID: 0}
--- !u!114 &3742986602816348389
MonoBehaviour:
  m_ObjectHideFlags: 0
  m_CorrespondingSourceObject: {fileID: 0}
  m_PrefabInstance: {fileID: 0}
  m_PrefabAsset: {fileID: 0}
  m_GameObject: {fileID: 463557426055090852}
  m_Enabled: 1
  m_EditorHideFlags: 0
  m_Script: {fileID: 11500000, guid: 5a6d2c04c305b074b9d9d1438252baad, type: 3}
  m_Name: 
  m_EditorClassIdentifier: 
--- !u!114 &6042783433483594108
MonoBehaviour:
  m_ObjectHideFlags: 0
  m_CorrespondingSourceObject: {fileID: 0}
  m_PrefabInstance: {fileID: 0}
  m_PrefabAsset: {fileID: 0}
  m_GameObject: {fileID: 463557426055090852}
  m_Enabled: 1
  m_EditorHideFlags: 0
  m_Script: {fileID: 11500000, guid: 792c8ceac53f5094a9bb1873a87b2bd9, type: 3}
  m_Name: 
  m_EditorClassIdentifier: 
  Value: 0
--- !u!1 &840740294499871815
GameObject:
  m_ObjectHideFlags: 0
  m_CorrespondingSourceObject: {fileID: 0}
  m_PrefabInstance: {fileID: 0}
  m_PrefabAsset: {fileID: 0}
  serializedVersion: 6
  m_Component:
  - component: {fileID: 3450814684430333951}
  - component: {fileID: 895490077543771716}
  - component: {fileID: 5831172650282975998}
  m_Layer: 0
  m_Name: ClippingPlane
  m_TagString: Untagged
  m_Icon: {fileID: 0}
  m_NavMeshLayer: 0
  m_StaticEditorFlags: 0
  m_IsActive: 1
--- !u!4 &3450814684430333951
Transform:
  m_ObjectHideFlags: 0
  m_CorrespondingSourceObject: {fileID: 0}
  m_PrefabInstance: {fileID: 0}
  m_PrefabAsset: {fileID: 0}
  m_GameObject: {fileID: 840740294499871815}
  m_LocalRotation: {x: -0, y: -1, z: -0, w: 0}
  m_LocalPosition: {x: 0, y: 0, z: 0}
  m_LocalScale: {x: 1, y: 3.5714288, z: 1}
  m_Children: []
  m_Father: {fileID: 6156734590398789075}
  m_RootOrder: 0
  m_LocalEulerAnglesHint: {x: 0, y: 0, z: 0}
--- !u!114 &895490077543771716
MonoBehaviour:
  m_ObjectHideFlags: 0
  m_CorrespondingSourceObject: {fileID: 0}
  m_PrefabInstance: {fileID: 0}
  m_PrefabAsset: {fileID: 0}
  m_GameObject: {fileID: 840740294499871815}
  m_Enabled: 1
  m_EditorHideFlags: 0
  m_Script: {fileID: 11500000, guid: 3528e6b1cf8312349b9f1ed48024e717, type: 3}
  m_Name: 
  m_EditorClassIdentifier: 
  convertedEntityHolder: {fileID: 3742986602816348389}
  vol: {fileID: 6156734589613885232}
  fillPercent: 0.351
--- !u!114 &5831172650282975998
MonoBehaviour:
  m_ObjectHideFlags: 0
  m_CorrespondingSourceObject: {fileID: 0}
  m_PrefabInstance: {fileID: 0}
  m_PrefabAsset: {fileID: 0}
  m_GameObject: {fileID: 840740294499871815}
  m_Enabled: 1
  m_EditorHideFlags: 0
  m_Script: {fileID: 11500000, guid: 4a6b5d47aa5eafc4bab48598c2f81ba5, type: 3}
  m_Name: 
  m_EditorClassIdentifier: 
  convertedEntityHolder: {fileID: 3742986602816348389}
  MaxWobble: 0.03
  WobbleSpeed: 1
  Recovery: 1
  wobbleAmountX: 0
  wobbleAmountZ: 0
--- !u!1 &6156734589613885237
GameObject:
  m_ObjectHideFlags: 0
  m_CorrespondingSourceObject: {fileID: 0}
  m_PrefabInstance: {fileID: 0}
  m_PrefabAsset: {fileID: 0}
  serializedVersion: 6
  m_Component:
  - component: {fileID: 6156734589613885238}
  - component: {fileID: 6156734589613885239}
  - component: {fileID: 6156734589613885232}
  m_Layer: 0
  m_Name: WaterVessel
  m_TagString: Untagged
  m_Icon: {fileID: 0}
  m_NavMeshLayer: 0
  m_StaticEditorFlags: 0
  m_IsActive: 1
--- !u!4 &6156734589613885238
Transform:
  m_ObjectHideFlags: 0
  m_CorrespondingSourceObject: {fileID: 0}
  m_PrefabInstance: {fileID: 0}
  m_PrefabAsset: {fileID: 0}
  m_GameObject: {fileID: 6156734589613885237}
  m_LocalRotation: {x: 0, y: 0, z: 0, w: 1}
  m_LocalPosition: {x: -0.046, y: 0.24, z: 0.566}
  m_LocalScale: {x: 1, y: 1, z: 1}
  m_Children:
  - {fileID: 6156734590398789075}
  - {fileID: 6156734590086228294}
  m_Father: {fileID: 0}
  m_RootOrder: 0
  m_LocalEulerAnglesHint: {x: 0, y: 0, z: 0}
--- !u!114 &6156734589613885239
MonoBehaviour:
  m_ObjectHideFlags: 0
  m_CorrespondingSourceObject: {fileID: 0}
  m_PrefabInstance: {fileID: 0}
  m_PrefabAsset: {fileID: 0}
  m_GameObject: {fileID: 6156734589613885237}
  m_Enabled: 1
  m_EditorHideFlags: 0
  m_Script: {fileID: 11500000, guid: 2ad5e63c08855cd478906bac3fbdca8b, type: 3}
  m_Name: 
  m_EditorClassIdentifier: 
  open: {fileID: 11400000, guid: 517aa6c915029054bb9e9af010130a27, type: 2}
  closed: {fileID: 11400000, guid: 98d05e065492a5b4da2603348251648c, type: 2}
  CurrentVolFlow: {fileID: 0}
  pipeOpenings:
  - {fileID: 6156734590086228295}
  - {fileID: 0}
  FlowInput: {fileID: 0}
  flowInputs: []
  flowOutputs: []
--- !u!114 &6156734589613885232
MonoBehaviour:
  m_ObjectHideFlags: 0
  m_CorrespondingSourceObject: {fileID: 0}
  m_PrefabInstance: {fileID: 0}
  m_PrefabAsset: {fileID: 0}
  m_GameObject: {fileID: 6156734589613885237}
  m_Enabled: 1
  m_EditorHideFlags: 0
  m_Script: {fileID: 11500000, guid: d01c053df56661847a25be7a642322bf, type: 3}
  m_Name: 
  m_EditorClassIdentifier: 
  MaxVolume: 500
  Pipes: {fileID: 0}
  TurnWaterOn: 0
  flowRestriction: 10
  FlowRate: 0
  currentLiquid:
    CurrentVolume: 450
    CaffeineLevel: 0
    LiquidTemp: 0
    color: {r: 0.15294118, g: 0.34509805, b: 0.48235294, a: 1}
    PourEffect: {fileID: 343300728215705912, guid: 76d0ec5c2f02e5f49a57d18ff4aeedc5,
      type: 3}
  FlowEnterEvent:
    m_PersistentCalls:
      m_Calls: []
  volTriggerEvent:
    m_PersistentCalls:
      m_Calls: []
--- !u!1 &6156734590086228293
GameObject:
  m_ObjectHideFlags: 0
  m_CorrespondingSourceObject: {fileID: 0}
  m_PrefabInstance: {fileID: 0}
  m_PrefabAsset: {fileID: 0}
  serializedVersion: 6
  m_Component:
  - component: {fileID: 6156734590086228294}
  - component: {fileID: 6156734590086228289}
  - component: {fileID: 6156734590086228288}
  - component: {fileID: 6156734590086228295}
  m_Layer: 0
  m_Name: VesselOutput
  m_TagString: PipeOpening
  m_Icon: {fileID: 0}
  m_NavMeshLayer: 0
  m_StaticEditorFlags: 0
  m_IsActive: 1
--- !u!4 &6156734590086228294
Transform:
  m_ObjectHideFlags: 0
  m_CorrespondingSourceObject: {fileID: 0}
  m_PrefabInstance: {fileID: 0}
  m_PrefabAsset: {fileID: 0}
  m_GameObject: {fileID: 6156734590086228293}
  m_LocalRotation: {x: -0, y: -0.7071068, z: -0, w: 0.7071068}
  m_LocalPosition: {x: -0.515, y: 1.089, z: -0.523}
  m_LocalScale: {x: 1, y: 1, z: 1}
  m_Children: []
  m_Father: {fileID: 6156734589613885238}
  m_RootOrder: 1
  m_LocalEulerAnglesHint: {x: 0, y: -90, z: 0}
--- !u!54 &6156734590086228289
Rigidbody:
  m_ObjectHideFlags: 0
  m_CorrespondingSourceObject: {fileID: 0}
  m_PrefabInstance: {fileID: 0}
  m_PrefabAsset: {fileID: 0}
  m_GameObject: {fileID: 6156734590086228293}
  serializedVersion: 2
  m_Mass: 1
  m_Drag: 0
  m_AngularDrag: 0.05
  m_UseGravity: 0
  m_IsKinematic: 1
  m_Interpolate: 0
  m_Constraints: 0
  m_CollisionDetection: 0
--- !u!65 &6156734590086228288
BoxCollider:
  m_ObjectHideFlags: 0
  m_CorrespondingSourceObject: {fileID: 0}
  m_PrefabInstance: {fileID: 0}
  m_PrefabAsset: {fileID: 0}
  m_GameObject: {fileID: 6156734590086228293}
  m_Material: {fileID: 0}
  m_IsTrigger: 1
  m_Enabled: 1
  serializedVersion: 2
  m_Size: {x: 0.30794322, y: 0.30676514, z: 0.13955684}
  m_Center: {x: -0.004658103, y: -0.00000020861626, z: -0.0061030984}
--- !u!114 &6156734590086228295
MonoBehaviour:
  m_ObjectHideFlags: 0
  m_CorrespondingSourceObject: {fileID: 0}
  m_PrefabInstance: {fileID: 0}
  m_PrefabAsset: {fileID: 0}
  m_GameObject: {fileID: 6156734590086228293}
  m_Enabled: 1
  m_EditorHideFlags: 0
  m_Script: {fileID: 11500000, guid: e92fd1839dfe5614abc2a6552d4817c6, type: 3}
  m_Name: 
  m_EditorClassIdentifier: 
  openingData:
    Location: {fileID: 0}
    OpeningState: {fileID: 11400000, guid: 98d05e065492a5b4da2603348251648c, type: 2}
    Connection: {fileID: 0}
  OpeningStateChanged:
    m_PersistentCalls:
      m_Calls: []
  open: {fileID: 11400000, guid: 517aa6c915029054bb9e9af010130a27, type: 2}
  closed: {fileID: 11400000, guid: 98d05e065492a5b4da2603348251648c, type: 2}
  pourEffect: {fileID: 0}
  pipeSegment: {fileID: 0}
--- !u!1 &6156734590398789074
GameObject:
  m_ObjectHideFlags: 0
  m_CorrespondingSourceObject: {fileID: 0}
  m_PrefabInstance: {fileID: 0}
  m_PrefabAsset: {fileID: 0}
  serializedVersion: 6
  m_Component:
  - component: {fileID: 6156734590398789075}
  - component: {fileID: 6156734590398789064}
  - component: {fileID: 6156734590398789071}
  - component: {fileID: 6156734590398789070}
  - component: {fileID: 6156734590398789069}
  - component: {fileID: 6156734590398789068}
  - component: {fileID: 4791145773349172188}
  m_Layer: 0
  m_Name: Cylinder
  m_TagString: WaterVessel
  m_Icon: {fileID: 0}
  m_NavMeshLayer: 0
  m_StaticEditorFlags: 0
  m_IsActive: 1
--- !u!4 &6156734590398789075
Transform:
  m_ObjectHideFlags: 0
  m_CorrespondingSourceObject: {fileID: 0}
  m_PrefabInstance: {fileID: 0}
  m_PrefabAsset: {fileID: 0}
  m_GameObject: {fileID: 6156734590398789074}
  m_LocalRotation: {x: 0, y: 0, z: 0, w: 1}
  m_LocalPosition: {x: 0, y: 1.28, z: -0.55}
  m_LocalScale: {x: 1, y: 0.28, z: 1}
  m_Children:
  - {fileID: 3450814684430333951}
  - {fileID: 3708964921137118566}
  - {fileID: 6160542630759788460}
  m_Father: {fileID: 6156734589613885238}
  m_RootOrder: 0
  m_LocalEulerAnglesHint: {x: 0, y: 0, z: 0}
--- !u!33 &6156734590398789064
MeshFilter:
  m_ObjectHideFlags: 0
  m_CorrespondingSourceObject: {fileID: 0}
  m_PrefabInstance: {fileID: 0}
  m_PrefabAsset: {fileID: 0}
  m_GameObject: {fileID: 6156734590398789074}
  m_Mesh: {fileID: 10206, guid: 0000000000000000e000000000000000, type: 0}
--- !u!23 &6156734590398789071
MeshRenderer:
  m_ObjectHideFlags: 0
  m_CorrespondingSourceObject: {fileID: 0}
  m_PrefabInstance: {fileID: 0}
  m_PrefabAsset: {fileID: 0}
  m_GameObject: {fileID: 6156734590398789074}
  m_Enabled: 1
  m_CastShadows: 1
  m_ReceiveShadows: 1
  m_DynamicOccludee: 1
  m_MotionVectors: 1
  m_LightProbeUsage: 1
  m_ReflectionProbeUsage: 1
  m_RayTracingMode: 2
  m_RayTraceProcedural: 0
  m_RenderingLayerMask: 1
  m_RendererPriority: 0
  m_Materials:
  - {fileID: 2100000, guid: f2659df23b597ea408aa372b4c009dc4, type: 2}
  m_StaticBatchInfo:
    firstSubMesh: 0
    subMeshCount: 0
  m_StaticBatchRoot: {fileID: 0}
  m_ProbeAnchor: {fileID: 0}
  m_LightProbeVolumeOverride: {fileID: 0}
  m_ScaleInLightmap: 1
  m_ReceiveGI: 1
  m_PreserveUVs: 0
  m_IgnoreNormalsForChartDetection: 0
  m_ImportantGI: 0
  m_StitchLightmapSeams: 1
  m_SelectedEditorRenderState: 3
  m_MinimumChartSize: 4
  m_AutoUVMaxDistance: 0.5
  m_AutoUVMaxAngle: 89
  m_LightmapParameters: {fileID: 0}
  m_SortingLayerID: 0
  m_SortingLayer: 0
  m_SortingOrder: 0
  m_AdditionalVertexStreams: {fileID: 0}
--- !u!136 &6156734590398789070
CapsuleCollider:
  m_ObjectHideFlags: 0
  m_CorrespondingSourceObject: {fileID: 0}
  m_PrefabInstance: {fileID: 0}
  m_PrefabAsset: {fileID: 0}
  m_GameObject: {fileID: 6156734590398789074}
  m_Material: {fileID: 0}
  m_IsTrigger: 0
  m_Enabled: 1
  m_Radius: 0.5000001
  m_Height: 2
  m_Direction: 1
  m_Center: {x: 0.000000059604645, y: 0, z: -0.00000008940697}
--- !u!54 &6156734590398789069
Rigidbody:
  m_ObjectHideFlags: 0
  m_CorrespondingSourceObject: {fileID: 0}
  m_PrefabInstance: {fileID: 0}
  m_PrefabAsset: {fileID: 0}
  m_GameObject: {fileID: 6156734590398789074}
  serializedVersion: 2
  m_Mass: 1
  m_Drag: 0
  m_AngularDrag: 0.05
  m_UseGravity: 1
  m_IsKinematic: 1
  m_Interpolate: 0
  m_Constraints: 0
  m_CollisionDetection: 0
--- !u!114 &6156734590398789068
MonoBehaviour:
  m_ObjectHideFlags: 0
  m_CorrespondingSourceObject: {fileID: 0}
  m_PrefabInstance: {fileID: 0}
  m_PrefabAsset: {fileID: 0}
  m_GameObject: {fileID: 6156734590398789074}
  m_Enabled: 1
  m_EditorHideFlags: 0
  m_Script: {fileID: 11500000, guid: f1c6f873520801f46962832930533b75, type: 3}
  m_Name: 
  m_EditorClassIdentifier: 
  BoilThreshold: 30
  flowOutputs:
  - {fileID: 6156734590086228295}
  openState: {fileID: 11400000, guid: 517aa6c915029054bb9e9af010130a27, type: 2}
  closedState: {fileID: 11400000, guid: 98d05e065492a5b4da2603348251648c, type: 2}
  CurrentVolFlow: {fileID: 0}
  Boiling: 0
  BoilEffect: {fileID: 6319602676162617620}
  flaskPipe: {fileID: 6156734589613885239}
  flowIsActive: 0
  heatFlask: 0
  MaterialHeatCoeffeicient: 1
  internalHeat: 0
  externalHeat: 0
  defaultExternalHeat: 0
  tempGradient: 0
  MaxHeatDifference: 100
  maxHeatTransferRate: 15
  heatExchangeRate: 0
--- !u!114 &4791145773349172188
MonoBehaviour:
  m_ObjectHideFlags: 0
  m_CorrespondingSourceObject: {fileID: 0}
  m_PrefabInstance: {fileID: 0}
  m_PrefabAsset: {fileID: 0}
  m_GameObject: {fileID: 6156734590398789074}
  m_Enabled: 1
  m_EditorHideFlags: 0
  m_Script: {fileID: 11500000, guid: 815d201427e74f94a96aebb49f691e1d, type: 3}
  m_Name: 
  m_EditorClassIdentifier: 
  convertedEntityHolder: {fileID: 3742986602816348389}
  vol: {fileID: 6156734589613885232}
  liquidColor: {r: 0.15294118, g: 0.34509805, b: 0.48235294, a: 1}
--- !u!1001 &6156734590091944706
PrefabInstance:
  m_ObjectHideFlags: 0
  serializedVersion: 2
  m_Modification:
    m_TransformParent: {fileID: 6156734590398789075}
    m_Modifications:
    - target: {fileID: 1891972527774278, guid: 4d35711ba17dcd4409264568d9155360, type: 3}
      propertyPath: m_Name
      value: RibbonSmoke
      objectReference: {fileID: 0}
    - target: {fileID: 4426206747036846, guid: 4d35711ba17dcd4409264568d9155360, type: 3}
      propertyPath: m_RootOrder
      value: 2
      objectReference: {fileID: 0}
    - target: {fileID: 4426206747036846, guid: 4d35711ba17dcd4409264568d9155360, type: 3}
      propertyPath: m_LocalPosition.x
      value: 0
      objectReference: {fileID: 0}
    - target: {fileID: 4426206747036846, guid: 4d35711ba17dcd4409264568d9155360, type: 3}
      propertyPath: m_LocalPosition.y
      value: 0.49
      objectReference: {fileID: 0}
    - target: {fileID: 4426206747036846, guid: 4d35711ba17dcd4409264568d9155360, type: 3}
      propertyPath: m_LocalPosition.z
      value: 0
      objectReference: {fileID: 0}
    - target: {fileID: 4426206747036846, guid: 4d35711ba17dcd4409264568d9155360, type: 3}
      propertyPath: m_LocalRotation.w
      value: 1
      objectReference: {fileID: 0}
    - target: {fileID: 4426206747036846, guid: 4d35711ba17dcd4409264568d9155360, type: 3}
      propertyPath: m_LocalRotation.x
      value: 0
      objectReference: {fileID: 0}
    - target: {fileID: 4426206747036846, guid: 4d35711ba17dcd4409264568d9155360, type: 3}
      propertyPath: m_LocalRotation.y
      value: 0
      objectReference: {fileID: 0}
    - target: {fileID: 4426206747036846, guid: 4d35711ba17dcd4409264568d9155360, type: 3}
      propertyPath: m_LocalRotation.z
      value: 0
      objectReference: {fileID: 0}
    - target: {fileID: 4426206747036846, guid: 4d35711ba17dcd4409264568d9155360, type: 3}
      propertyPath: m_LocalEulerAnglesHint.x
      value: 0
      objectReference: {fileID: 0}
    - target: {fileID: 4426206747036846, guid: 4d35711ba17dcd4409264568d9155360, type: 3}
      propertyPath: m_LocalEulerAnglesHint.y
      value: 0
      objectReference: {fileID: 0}
    - target: {fileID: 4426206747036846, guid: 4d35711ba17dcd4409264568d9155360, type: 3}
      propertyPath: m_LocalEulerAnglesHint.z
      value: 0
      objectReference: {fileID: 0}
    - target: {fileID: 198897649759126038, guid: 4d35711ba17dcd4409264568d9155360,
        type: 3}
      propertyPath: playOnAwake
      value: 0
      objectReference: {fileID: 0}
    m_RemovedComponents: []
  m_SourcePrefab: {fileID: 100100000, guid: 4d35711ba17dcd4409264568d9155360, type: 3}
--- !u!4 &6160542630759788460 stripped
Transform:
  m_CorrespondingSourceObject: {fileID: 4426206747036846, guid: 4d35711ba17dcd4409264568d9155360,
    type: 3}
  m_PrefabInstance: {fileID: 6156734590091944706}
  m_PrefabAsset: {fileID: 0}
--- !u!198 &6319602676162617620 stripped
ParticleSystem:
  m_CorrespondingSourceObject: {fileID: 198897649759126038, guid: 4d35711ba17dcd4409264568d9155360,
    type: 3}
  m_PrefabInstance: {fileID: 6156734590091944706}
  m_PrefabAsset: {fileID: 0}
