%YAML 1.1
%TAG !u! tag:unity3d.com,2011:
--- !u!1 &8449999977906869656
GameObject:
  m_ObjectHideFlags: 0
  m_CorrespondingSourceObject: {fileID: 0}
  m_PrefabInstance: {fileID: 0}
  m_PrefabAsset: {fileID: 0}
  serializedVersion: 6
  m_Component:
  - component: {fileID: 8449999977906869659}
  m_Layer: 0
  m_Name: PipeConnectionDemo
  m_TagString: Untagged
  m_Icon: {fileID: 0}
  m_NavMeshLayer: 0
  m_StaticEditorFlags: 0
  m_IsActive: 1
--- !u!4 &8449999977906869659
Transform:
  m_ObjectHideFlags: 0
  m_CorrespondingSourceObject: {fileID: 0}
  m_PrefabInstance: {fileID: 0}
  m_PrefabAsset: {fileID: 0}
  m_GameObject: {fileID: 8449999977906869656}
  m_LocalRotation: {x: -0, y: -0, z: -0, w: 1}
  m_LocalPosition: {x: -56.042, y: 0.568, z: -28.32}
  m_LocalScale: {x: 1, y: 1, z: 1}
  m_Children:
  - {fileID: 8449999978086044422}
  m_Father: {fileID: 0}
  m_RootOrder: 0
  m_LocalEulerAnglesHint: {x: 0, y: 0, z: 0}
--- !u!1 &8449999978086044423
GameObject:
  m_ObjectHideFlags: 0
  m_CorrespondingSourceObject: {fileID: 0}
  m_PrefabInstance: {fileID: 0}
  m_PrefabAsset: {fileID: 0}
  serializedVersion: 6
  m_Component:
  - component: {fileID: 8449999978086044422}
  m_Layer: 0
  m_Name: GameObject
  m_TagString: Untagged
  m_Icon: {fileID: 0}
  m_NavMeshLayer: 0
  m_StaticEditorFlags: 0
  m_IsActive: 1
--- !u!4 &8449999978086044422
Transform:
  m_ObjectHideFlags: 0
  m_CorrespondingSourceObject: {fileID: 0}
  m_PrefabInstance: {fileID: 0}
  m_PrefabAsset: {fileID: 0}
  m_GameObject: {fileID: 8449999978086044423}
  m_LocalRotation: {x: 0, y: 0, z: 0, w: 1}
  m_LocalPosition: {x: 0, y: 0, z: 0}
  m_LocalScale: {x: 1, y: 1, z: 1}
  m_Children:
  - {fileID: 8449999978030007113}
  - {fileID: 8449999978717265620}
  - {fileID: 8449999977060076522}
  - {fileID: 8449999977969328699}
  m_Father: {fileID: 8449999977906869659}
  m_RootOrder: 0
  m_LocalEulerAnglesHint: {x: 0, y: 0, z: 0}
--- !u!1001 &1784333891881910857
PrefabInstance:
  m_ObjectHideFlags: 0
  serializedVersion: 2
  m_Modification:
    m_TransformParent: {fileID: 8449999978086044422}
    m_Modifications:
    - target: {fileID: 7892369288442143519, guid: f5ab53276f838e446b5dfedd866ed67f,
        type: 3}
      propertyPath: m_Name
      value: SM_Prop_Pipe_Part_Corner_01
      objectReference: {fileID: 0}
    - target: {fileID: 7892369288442412189, guid: f5ab53276f838e446b5dfedd866ed67f,
        type: 3}
      propertyPath: m_LocalPosition.x
      value: -2.49
      objectReference: {fileID: 0}
    - target: {fileID: 7892369288442412189, guid: f5ab53276f838e446b5dfedd866ed67f,
        type: 3}
      propertyPath: m_LocalPosition.y
      value: 0.171
      objectReference: {fileID: 0}
    - target: {fileID: 7892369288442412189, guid: f5ab53276f838e446b5dfedd866ed67f,
        type: 3}
      propertyPath: m_LocalPosition.z
      value: 0.12
      objectReference: {fileID: 0}
    - target: {fileID: 7892369288442412189, guid: f5ab53276f838e446b5dfedd866ed67f,
        type: 3}
      propertyPath: m_LocalRotation.x
      value: 0
      objectReference: {fileID: 0}
    - target: {fileID: 7892369288442412189, guid: f5ab53276f838e446b5dfedd866ed67f,
        type: 3}
      propertyPath: m_LocalRotation.y
      value: 0
      objectReference: {fileID: 0}
    - target: {fileID: 7892369288442412189, guid: f5ab53276f838e446b5dfedd866ed67f,
        type: 3}
      propertyPath: m_LocalRotation.z
      value: 0
      objectReference: {fileID: 0}
    - target: {fileID: 7892369288442412189, guid: f5ab53276f838e446b5dfedd866ed67f,
        type: 3}
      propertyPath: m_LocalRotation.w
      value: 1
      objectReference: {fileID: 0}
    - target: {fileID: 7892369288442412189, guid: f5ab53276f838e446b5dfedd866ed67f,
        type: 3}
      propertyPath: m_RootOrder
      value: 1
      objectReference: {fileID: 0}
    - target: {fileID: 7892369288442412189, guid: f5ab53276f838e446b5dfedd866ed67f,
        type: 3}
      propertyPath: m_LocalEulerAnglesHint.x
      value: 0
      objectReference: {fileID: 0}
    - target: {fileID: 7892369288442412189, guid: f5ab53276f838e446b5dfedd866ed67f,
        type: 3}
      propertyPath: m_LocalEulerAnglesHint.y
      value: 0
      objectReference: {fileID: 0}
    - target: {fileID: 7892369288442412189, guid: f5ab53276f838e446b5dfedd866ed67f,
        type: 3}
      propertyPath: m_LocalEulerAnglesHint.z
      value: 0
      objectReference: {fileID: 0}
    m_RemovedComponents: []
  m_SourcePrefab: {fileID: 100100000, guid: f5ab53276f838e446b5dfedd866ed67f, type: 3}
--- !u!4 &8449999978717265620 stripped
Transform:
  m_CorrespondingSourceObject: {fileID: 7892369288442412189, guid: f5ab53276f838e446b5dfedd866ed67f,
    type: 3}
  m_PrefabInstance: {fileID: 1784333891881910857}
  m_PrefabAsset: {fileID: 0}
--- !u!1 &8449999977997474731 stripped
GameObject:
  m_CorrespondingSourceObject: {fileID: 7892369288056986082, guid: f5ab53276f838e446b5dfedd866ed67f,
    type: 3}
  m_PrefabInstance: {fileID: 1784333891881910857}
  m_PrefabAsset: {fileID: 0}
--- !u!1001 &3639701544169329912
PrefabInstance:
  m_ObjectHideFlags: 0
  serializedVersion: 2
  m_Modification:
    m_TransformParent: {fileID: 8449999978086044422}
    m_Modifications:
    - target: {fileID: 5172031712860439228, guid: c0c88179b5419bb46931396192758b93,
        type: 3}
      propertyPath: m_Name
      value: SM_Prop_Pipe_Part_T_01
      objectReference: {fileID: 0}
    - target: {fileID: 5172031712860439231, guid: c0c88179b5419bb46931396192758b93,
        type: 3}
      propertyPath: openings.Array.data[1].Connection
      value: 
      objectReference: {fileID: 8449999977997474731}
    - target: {fileID: 5172031712860757778, guid: c0c88179b5419bb46931396192758b93,
        type: 3}
      propertyPath: m_LocalPosition.x
      value: -1.03
      objectReference: {fileID: 0}
    - target: {fileID: 5172031712860757778, guid: c0c88179b5419bb46931396192758b93,
        type: 3}
      propertyPath: m_LocalPosition.y
      value: 0
      objectReference: {fileID: 0}
    - target: {fileID: 5172031712860757778, guid: c0c88179b5419bb46931396192758b93,
        type: 3}
      propertyPath: m_LocalPosition.z
      value: 0
      objectReference: {fileID: 0}
    - target: {fileID: 5172031712860757778, guid: c0c88179b5419bb46931396192758b93,
        type: 3}
      propertyPath: m_LocalRotation.x
      value: 0
      objectReference: {fileID: 0}
    - target: {fileID: 5172031712860757778, guid: c0c88179b5419bb46931396192758b93,
        type: 3}
      propertyPath: m_LocalRotation.y
      value: 0
      objectReference: {fileID: 0}
    - target: {fileID: 5172031712860757778, guid: c0c88179b5419bb46931396192758b93,
        type: 3}
      propertyPath: m_LocalRotation.z
      value: 0
      objectReference: {fileID: 0}
    - target: {fileID: 5172031712860757778, guid: c0c88179b5419bb46931396192758b93,
        type: 3}
      propertyPath: m_LocalRotation.w
      value: 1
      objectReference: {fileID: 0}
    - target: {fileID: 5172031712860757778, guid: c0c88179b5419bb46931396192758b93,
        type: 3}
      propertyPath: m_RootOrder
      value: 2
      objectReference: {fileID: 0}
    - target: {fileID: 5172031712860757778, guid: c0c88179b5419bb46931396192758b93,
        type: 3}
      propertyPath: m_LocalEulerAnglesHint.x
      value: 0
      objectReference: {fileID: 0}
    - target: {fileID: 5172031712860757778, guid: c0c88179b5419bb46931396192758b93,
        type: 3}
      propertyPath: m_LocalEulerAnglesHint.y
      value: 0
      objectReference: {fileID: 0}
    - target: {fileID: 5172031712860757778, guid: c0c88179b5419bb46931396192758b93,
        type: 3}
      propertyPath: m_LocalEulerAnglesHint.z
      value: 0
      objectReference: {fileID: 0}
    m_RemovedComponents: []
  m_SourcePrefab: {fileID: 100100000, guid: c0c88179b5419bb46931396192758b93, type: 3}
--- !u!4 &8449999977060076522 stripped
Transform:
  m_CorrespondingSourceObject: {fileID: 5172031712860757778, guid: c0c88179b5419bb46931396192758b93,
    type: 3}
  m_PrefabInstance: {fileID: 3639701544169329912}
  m_PrefabAsset: {fileID: 0}
--- !u!1 &8449999978049010806 stripped
GameObject:
  m_CorrespondingSourceObject: {fileID: 5172031714117822606, guid: c0c88179b5419bb46931396192758b93,
    type: 3}
  m_PrefabInstance: {fileID: 3639701544169329912}
  m_PrefabAsset: {fileID: 0}
--- !u!1001 &6099374484489799689
PrefabInstance:
  m_ObjectHideFlags: 0
  serializedVersion: 2
  m_Modification:
    m_TransformParent: {fileID: 8449999978086044422}
    m_Modifications:
    - target: {fileID: 2441297286699722385, guid: 971e793f87d2eac4cadc1f699dc6ff57,
        type: 3}
      propertyPath: openings.Array.data[0].Connection
      value: 
      objectReference: {fileID: 8449999978049010806}
    - target: {fileID: 2441297286699722385, guid: 971e793f87d2eac4cadc1f699dc6ff57,
        type: 3}
      propertyPath: openings.Array.data[1].Connection
      value: 
      objectReference: {fileID: 0}
    - target: {fileID: 2441297286801861170, guid: 971e793f87d2eac4cadc1f699dc6ff57,
        type: 3}
      propertyPath: m_LocalPosition.x
      value: -0.66
      objectReference: {fileID: 0}
    - target: {fileID: 2441297286801861170, guid: 971e793f87d2eac4cadc1f699dc6ff57,
        type: 3}
      propertyPath: m_LocalPosition.y
      value: 0
      objectReference: {fileID: 0}
    - target: {fileID: 2441297286801861170, guid: 971e793f87d2eac4cadc1f699dc6ff57,
        type: 3}
      propertyPath: m_LocalPosition.z
      value: 0
      objectReference: {fileID: 0}
    - target: {fileID: 2441297286801861170, guid: 971e793f87d2eac4cadc1f699dc6ff57,
        type: 3}
      propertyPath: m_LocalRotation.x
      value: 0
      objectReference: {fileID: 0}
    - target: {fileID: 2441297286801861170, guid: 971e793f87d2eac4cadc1f699dc6ff57,
        type: 3}
      propertyPath: m_LocalRotation.y
      value: 0
      objectReference: {fileID: 0}
    - target: {fileID: 2441297286801861170, guid: 971e793f87d2eac4cadc1f699dc6ff57,
        type: 3}
      propertyPath: m_LocalRotation.z
      value: 0
      objectReference: {fileID: 0}
    - target: {fileID: 2441297286801861170, guid: 971e793f87d2eac4cadc1f699dc6ff57,
        type: 3}
      propertyPath: m_LocalRotation.w
      value: 1
      objectReference: {fileID: 0}
    - target: {fileID: 2441297286801861170, guid: 971e793f87d2eac4cadc1f699dc6ff57,
        type: 3}
      propertyPath: m_RootOrder
      value: 3
      objectReference: {fileID: 0}
    - target: {fileID: 2441297286801861170, guid: 971e793f87d2eac4cadc1f699dc6ff57,
        type: 3}
      propertyPath: m_LocalEulerAnglesHint.x
      value: 0
      objectReference: {fileID: 0}
    - target: {fileID: 2441297286801861170, guid: 971e793f87d2eac4cadc1f699dc6ff57,
        type: 3}
      propertyPath: m_LocalEulerAnglesHint.y
      value: 0
      objectReference: {fileID: 0}
    - target: {fileID: 2441297286801861170, guid: 971e793f87d2eac4cadc1f699dc6ff57,
        type: 3}
      propertyPath: m_LocalEulerAnglesHint.z
      value: 0
      objectReference: {fileID: 0}
    - target: {fileID: 2441297286802147578, guid: 971e793f87d2eac4cadc1f699dc6ff57,
        type: 3}
      propertyPath: m_Name
      value: SM_Prop_Pipe_Part_Straight_01
      objectReference: {fileID: 0}
    m_RemovedComponents: []
  m_SourcePrefab: {fileID: 100100000, guid: 971e793f87d2eac4cadc1f699dc6ff57, type: 3}
--- !u!4 &8449999977969328699 stripped
Transform:
  m_CorrespondingSourceObject: {fileID: 2441297286801861170, guid: 971e793f87d2eac4cadc1f699dc6ff57,
    type: 3}
  m_PrefabInstance: {fileID: 6099374484489799689}
  m_PrefabAsset: {fileID: 0}
--- !u!1001 &8449999978030380057
PrefabInstance:
  m_ObjectHideFlags: 0
  serializedVersion: 2
  m_Modification:
    m_TransformParent: {fileID: 8449999978086044422}
    m_Modifications:
    - target: {fileID: 125940, guid: b0a54232ae05a044dba83bfeab0610a6, type: 3}
      propertyPath: m_Name
      value: SM_Prop_Pipe_Part_Connect_01
      objectReference: {fileID: 0}
    - target: {fileID: 440144, guid: b0a54232ae05a044dba83bfeab0610a6, type: 3}
      propertyPath: m_LocalPosition.x
      value: 0.99
      objectReference: {fileID: 0}
    - target: {fileID: 440144, guid: b0a54232ae05a044dba83bfeab0610a6, type: 3}
      propertyPath: m_LocalPosition.y
      value: 0
      objectReference: {fileID: 0}
    - target: {fileID: 440144, guid: b0a54232ae05a044dba83bfeab0610a6, type: 3}
      propertyPath: m_LocalPosition.z
      value: 0
      objectReference: {fileID: 0}
    - target: {fileID: 440144, guid: b0a54232ae05a044dba83bfeab0610a6, type: 3}
      propertyPath: m_LocalRotation.x
      value: 0
      objectReference: {fileID: 0}
    - target: {fileID: 440144, guid: b0a54232ae05a044dba83bfeab0610a6, type: 3}
      propertyPath: m_LocalRotation.y
      value: 0
      objectReference: {fileID: 0}
    - target: {fileID: 440144, guid: b0a54232ae05a044dba83bfeab0610a6, type: 3}
      propertyPath: m_LocalRotation.z
      value: 0
      objectReference: {fileID: 0}
    - target: {fileID: 440144, guid: b0a54232ae05a044dba83bfeab0610a6, type: 3}
      propertyPath: m_LocalRotation.w
      value: 1
      objectReference: {fileID: 0}
    - target: {fileID: 440144, guid: b0a54232ae05a044dba83bfeab0610a6, type: 3}
      propertyPath: m_RootOrder
      value: 0
      objectReference: {fileID: 0}
    - target: {fileID: 440144, guid: b0a54232ae05a044dba83bfeab0610a6, type: 3}
      propertyPath: m_LocalEulerAnglesHint.x
      value: 0
      objectReference: {fileID: 0}
    - target: {fileID: 440144, guid: b0a54232ae05a044dba83bfeab0610a6, type: 3}
      propertyPath: m_LocalEulerAnglesHint.y
      value: 0
      objectReference: {fileID: 0}
    - target: {fileID: 440144, guid: b0a54232ae05a044dba83bfeab0610a6, type: 3}
      propertyPath: m_LocalEulerAnglesHint.z
      value: 0
      objectReference: {fileID: 0}
    m_RemovedComponents: []
  m_SourcePrefab: {fileID: 100100000, guid: b0a54232ae05a044dba83bfeab0610a6, type: 3}
--- !u!4 &8449999978030007113 stripped
Transform:
  m_CorrespondingSourceObject: {fileID: 440144, guid: b0a54232ae05a044dba83bfeab0610a6,
    type: 3}
  m_PrefabInstance: {fileID: 8449999978030380057}
  m_PrefabAsset: {fileID: 0}
