%YAML 1.1
%TAG !u! tag:unity3d.com,2011:
--- !u!1001 &100100000
Prefab:
  m_ObjectHideFlags: 1
  serializedVersion: 2
  m_Modification:
    m_TransformParent: {fileID: 0}
    m_Modifications: []
    m_RemovedComponents: []
  m_ParentPrefab: {fileID: 0}
  m_RootGameObject: {fileID: 1261900646360862}
  m_IsPrefabParent: 1
--- !u!1 &1037247939217920
GameObject:
  m_ObjectHideFlags: 1
  m_PrefabParentObject: {fileID: 0}
  m_PrefabInternal: {fileID: 100100000}
  serializedVersion: 5
  m_Component:
  - component: {fileID: 4273627859344332}
  m_Layer: 0
  m_Name: MHuman_R_Toes
  m_TagString: Untagged
  m_Icon: {fileID: 0}
  m_NavMeshLayer: 0
  m_StaticEditorFlags: 0
  m_IsActive: 1
--- !u!1 &1044009501277754
GameObject:
  m_ObjectHideFlags: 1
  m_PrefabParentObject: {fileID: 0}
  m_PrefabInternal: {fileID: 100100000}
  serializedVersion: 5
  m_Component:
  - component: {fileID: 4986917108181090}
  m_Layer: 0
  m_Name: MHuman_R_Middle_Distal
  m_TagString: Untagged
  m_Icon: {fileID: 0}
  m_NavMeshLayer: 0
  m_StaticEditorFlags: 0
  m_IsActive: 1
--- !u!1 &1071287675471424
GameObject:
  m_ObjectHideFlags: 1
  m_PrefabParentObject: {fileID: 0}
  m_PrefabInternal: {fileID: 100100000}
  serializedVersion: 5
  m_Component:
  - component: {fileID: 4207993764916050}
  m_Layer: 0
  m_Name: Tiptoe 1
  m_TagString: Untagged
  m_Icon: {fileID: 0}
  m_NavMeshLayer: 0
  m_StaticEditorFlags: 0
  m_IsActive: 1
--- !u!1 &1077011205119262
GameObject:
  m_ObjectHideFlags: 1
  m_PrefabParentObject: {fileID: 0}
  m_PrefabInternal: {fileID: 100100000}
  serializedVersion: 5
  m_Component:
  - component: {fileID: 4297559628094798}
  m_Layer: 0
  m_Name: MHuman_L_Middle_Distal
  m_TagString: Untagged
  m_Icon: {fileID: 0}
  m_NavMeshLayer: 0
  m_StaticEditorFlags: 0
  m_IsActive: 1
--- !u!1 &1104516215116304
GameObject:
  m_ObjectHideFlags: 1
  m_PrefabParentObject: {fileID: 0}
  m_PrefabInternal: {fileID: 100100000}
  serializedVersion: 5
  m_Component:
  - component: {fileID: 4831309849849626}
  m_Layer: 0
  m_Name: MHuman_L_Lower_Arm
  m_TagString: Untagged
  m_Icon: {fileID: 0}
  m_NavMeshLayer: 0
  m_StaticEditorFlags: 0
  m_IsActive: 1
--- !u!1 &1113295685598600
GameObject:
  m_ObjectHideFlags: 1
  m_PrefabParentObject: {fileID: 0}
  m_PrefabInternal: {fileID: 100100000}
  serializedVersion: 5
  m_Component:
  - component: {fileID: 4127800637873914}
  m_Layer: 0
  m_Name: MHuman_L_Little_Distal
  m_TagString: Untagged
  m_Icon: {fileID: 0}
  m_NavMeshLayer: 0
  m_StaticEditorFlags: 0
  m_IsActive: 1
--- !u!1 &1121836625723934
GameObject:
  m_ObjectHideFlags: 1
  m_PrefabParentObject: {fileID: 0}
  m_PrefabInternal: {fileID: 100100000}
  serializedVersion: 5
  m_Component:
  - component: {fileID: 4398109766315302}
  m_Layer: 0
  m_Name: MHuman_R_Ring_Distal
  m_TagString: Untagged
  m_Icon: {fileID: 0}
  m_NavMeshLayer: 0
  m_StaticEditorFlags: 0
  m_IsActive: 1
--- !u!1 &1127379880791068
GameObject:
  m_ObjectHideFlags: 1
  m_PrefabParentObject: {fileID: 0}
  m_PrefabInternal: {fileID: 100100000}
  serializedVersion: 5
  m_Component:
  - component: {fileID: 4206105750786894}
  m_Layer: 0
  m_Name: Tiptoe
  m_TagString: Untagged
  m_Icon: {fileID: 0}
  m_NavMeshLayer: 0
  m_StaticEditorFlags: 0
  m_IsActive: 1
--- !u!1 &1130119552815944
GameObject:
  m_ObjectHideFlags: 1
  m_PrefabParentObject: {fileID: 0}
  m_PrefabInternal: {fileID: 100100000}
  serializedVersion: 5
  m_Component:
  - component: {fileID: 4265674051392944}
  m_Layer: 0
  m_Name: MHuman_L_Little_Proximal
  m_TagString: Untagged
  m_Icon: {fileID: 0}
  m_NavMeshLayer: 0
  m_StaticEditorFlags: 0
  m_IsActive: 1
--- !u!1 &1145704338063316
GameObject:
  m_ObjectHideFlags: 1
  m_PrefabParentObject: {fileID: 0}
  m_PrefabInternal: {fileID: 100100000}
  serializedVersion: 5
  m_Component:
  - component: {fileID: 4202760397786802}
  m_Layer: 0
  m_Name: MHuman_L_Ring_Proximal
  m_TagString: Untagged
  m_Icon: {fileID: 0}
  m_NavMeshLayer: 0
  m_StaticEditorFlags: 0
  m_IsActive: 1
--- !u!1 &1148042626393932
GameObject:
  m_ObjectHideFlags: 1
  m_PrefabParentObject: {fileID: 0}
  m_PrefabInternal: {fileID: 100100000}
  serializedVersion: 5
  m_Component:
  - component: {fileID: 4403092455717936}
  m_Layer: 0
  m_Name: MHuman_R_Thumb_Distal
  m_TagString: Untagged
  m_Icon: {fileID: 0}
  m_NavMeshLayer: 0
  m_StaticEditorFlags: 0
  m_IsActive: 1
--- !u!1 &1158945395504952
GameObject:
  m_ObjectHideFlags: 1
  m_PrefabParentObject: {fileID: 0}
  m_PrefabInternal: {fileID: 100100000}
  serializedVersion: 5
  m_Component:
  - component: {fileID: 4800463377977952}
  m_Layer: 0
  m_Name: MHuman_L_Thumb_Intermediate
  m_TagString: Untagged
  m_Icon: {fileID: 0}
  m_NavMeshLayer: 0
  m_StaticEditorFlags: 0
  m_IsActive: 1
--- !u!1 &1176634430245530
GameObject:
  m_ObjectHideFlags: 1
  m_PrefabParentObject: {fileID: 0}
  m_PrefabInternal: {fileID: 100100000}
  serializedVersion: 5
  m_Component:
  - component: {fileID: 4734697705487760}
  m_Layer: 0
  m_Name: MHuman_L_Ring_Distal
  m_TagString: Untagged
  m_Icon: {fileID: 0}
  m_NavMeshLayer: 0
  m_StaticEditorFlags: 0
  m_IsActive: 1
--- !u!1 &1202970267522572
GameObject:
  m_ObjectHideFlags: 0
  m_PrefabParentObject: {fileID: 0}
  m_PrefabInternal: {fileID: 100100000}
  serializedVersion: 5
  m_Component:
  - component: {fileID: 4190109497997352}
  m_Layer: 0
  m_Name: MHuman_Hip
  m_TagString: Untagged
  m_Icon: {fileID: 0}
  m_NavMeshLayer: 0
  m_StaticEditorFlags: 0
  m_IsActive: 1
--- !u!1 &1208152170466388
GameObject:
  m_ObjectHideFlags: 1
  m_PrefabParentObject: {fileID: 0}
  m_PrefabInternal: {fileID: 100100000}
  serializedVersion: 5
  m_Component:
  - component: {fileID: 4626931202781430}
  m_Layer: 0
  m_Name: MHuman_Chest
  m_TagString: Untagged
  m_Icon: {fileID: 0}
  m_NavMeshLayer: 0
  m_StaticEditorFlags: 0
  m_IsActive: 1
--- !u!1 &1261900646360862
GameObject:
  m_ObjectHideFlags: 0
  m_PrefabParentObject: {fileID: 0}
  m_PrefabInternal: {fileID: 100100000}
  serializedVersion: 5
  m_Component:
  - component: {fileID: 4050804742063480}
  - component: {fileID: 95499091930465472}
  m_Layer: 0
  m_Name: MorroMan Cover Movement MoCap
  m_TagString: Untagged
  m_Icon: {fileID: 0}
  m_NavMeshLayer: 0
  m_StaticEditorFlags: 0
  m_IsActive: 1
--- !u!1 &1290353714065750
GameObject:
  m_ObjectHideFlags: 1
  m_PrefabParentObject: {fileID: 0}
  m_PrefabInternal: {fileID: 100100000}
  serializedVersion: 5
  m_Component:
  - component: {fileID: 4136050085017718}
  m_Layer: 0
  m_Name: MHuman_R_Upper_Leg
  m_TagString: Untagged
  m_Icon: {fileID: 0}
  m_NavMeshLayer: 0
  m_StaticEditorFlags: 0
  m_IsActive: 1
--- !u!1 &1302109275321522
GameObject:
  m_ObjectHideFlags: 1
  m_PrefabParentObject: {fileID: 0}
  m_PrefabInternal: {fileID: 100100000}
  serializedVersion: 5
  m_Component:
  - component: {fileID: 4835707097503088}
  m_Layer: 0
  m_Name: MHuman_L_Lower_Leg
  m_TagString: Untagged
  m_Icon: {fileID: 0}
  m_NavMeshLayer: 0
  m_StaticEditorFlags: 0
  m_IsActive: 1
--- !u!1 &1330331314645972
GameObject:
  m_ObjectHideFlags: 1
  m_PrefabParentObject: {fileID: 0}
  m_PrefabInternal: {fileID: 100100000}
  serializedVersion: 5
  m_Component:
  - component: {fileID: 4393040282914160}
  m_Layer: 0
  m_Name: MHuman_L_Index_Proximal
  m_TagString: Untagged
  m_Icon: {fileID: 0}
  m_NavMeshLayer: 0
  m_StaticEditorFlags: 0
  m_IsActive: 1
--- !u!1 &1336200333442916
GameObject:
  m_ObjectHideFlags: 1
  m_PrefabParentObject: {fileID: 0}
  m_PrefabInternal: {fileID: 100100000}
  serializedVersion: 5
  m_Component:
  - component: {fileID: 4724388521607794}
  m_Layer: 0
  m_Name: MHuman_L_Ring_Intermediate
  m_TagString: Untagged
  m_Icon: {fileID: 0}
  m_NavMeshLayer: 0
  m_StaticEditorFlags: 0
  m_IsActive: 1
--- !u!1 &1340502182764998
GameObject:
  m_ObjectHideFlags: 1
  m_PrefabParentObject: {fileID: 0}
  m_PrefabInternal: {fileID: 100100000}
  serializedVersion: 5
  m_Component:
  - component: {fileID: 4671009588732854}
  m_Layer: 0
  m_Name: MHuman_L_Index_Intermediate
  m_TagString: Untagged
  m_Icon: {fileID: 0}
  m_NavMeshLayer: 0
  m_StaticEditorFlags: 0
  m_IsActive: 1
--- !u!1 &1341262898622148
GameObject:
  m_ObjectHideFlags: 1
  m_PrefabParentObject: {fileID: 0}
  m_PrefabInternal: {fileID: 100100000}
  serializedVersion: 5
  m_Component:
  - component: {fileID: 4529999121804578}
  m_Layer: 0
  m_Name: MHuman_L_Middle_Intermediate
  m_TagString: Untagged
  m_Icon: {fileID: 0}
  m_NavMeshLayer: 0
  m_StaticEditorFlags: 0
  m_IsActive: 1
--- !u!1 &1390149221553666
GameObject:
  m_ObjectHideFlags: 1
  m_PrefabParentObject: {fileID: 0}
  m_PrefabInternal: {fileID: 100100000}
  serializedVersion: 5
  m_Component:
  - component: {fileID: 4881218069732152}
  m_Layer: 0
  m_Name: MHuman_L_Thumb_Proximal
  m_TagString: Untagged
  m_Icon: {fileID: 0}
  m_NavMeshLayer: 0
  m_StaticEditorFlags: 0
  m_IsActive: 1
--- !u!1 &1397416603927360
GameObject:
  m_ObjectHideFlags: 1
  m_PrefabParentObject: {fileID: 0}
  m_PrefabInternal: {fileID: 100100000}
  serializedVersion: 5
  m_Component:
  - component: {fileID: 4396192367324944}
  m_Layer: 0
  m_Name: MHuman_L_Toes
  m_TagString: Untagged
  m_Icon: {fileID: 0}
  m_NavMeshLayer: 0
  m_StaticEditorFlags: 0
  m_IsActive: 1
--- !u!1 &1411489440906572
GameObject:
  m_ObjectHideFlags: 1
  m_PrefabParentObject: {fileID: 0}
  m_PrefabInternal: {fileID: 100100000}
  serializedVersion: 5
  m_Component:
  - component: {fileID: 4313107660175172}
  m_Layer: 0
  m_Name: MHuman_L_Upper_Leg
  m_TagString: Untagged
  m_Icon: {fileID: 0}
  m_NavMeshLayer: 0
  m_StaticEditorFlags: 0
  m_IsActive: 1
--- !u!1 &1432502353848438
GameObject:
  m_ObjectHideFlags: 1
  m_PrefabParentObject: {fileID: 0}
  m_PrefabInternal: {fileID: 100100000}
  serializedVersion: 5
  m_Component:
  - component: {fileID: 4500878652117766}
  m_Layer: 0
  m_Name: MHuman_Spine
  m_TagString: Untagged
  m_Icon: {fileID: 0}
  m_NavMeshLayer: 0
  m_StaticEditorFlags: 0
  m_IsActive: 1
--- !u!1 &1474557577384818
GameObject:
  m_ObjectHideFlags: 1
  m_PrefabParentObject: {fileID: 0}
  m_PrefabInternal: {fileID: 100100000}
  serializedVersion: 5
  m_Component:
  - component: {fileID: 4289531085545504}
  m_Layer: 0
  m_Name: MHuman_R_Index_Proximal
  m_TagString: Untagged
  m_Icon: {fileID: 0}
  m_NavMeshLayer: 0
  m_StaticEditorFlags: 0
  m_IsActive: 1
--- !u!1 &1492489178997666
GameObject:
  m_ObjectHideFlags: 1
  m_PrefabParentObject: {fileID: 0}
  m_PrefabInternal: {fileID: 100100000}
  serializedVersion: 5
  m_Component:
  - component: {fileID: 4342925889086612}
  m_Layer: 0
  m_Name: MHuman_L_Upper_Arm
  m_TagString: Untagged
  m_Icon: {fileID: 0}
  m_NavMeshLayer: 0
  m_StaticEditorFlags: 0
  m_IsActive: 1
--- !u!1 &1498308204689630
GameObject:
  m_ObjectHideFlags: 1
  m_PrefabParentObject: {fileID: 0}
  m_PrefabInternal: {fileID: 100100000}
  serializedVersion: 5
  m_Component:
  - component: {fileID: 4159346804743080}
  m_Layer: 0
  m_Name: MHuman_Head
  m_TagString: Untagged
  m_Icon: {fileID: 0}
  m_NavMeshLayer: 0
  m_StaticEditorFlags: 0
  m_IsActive: 1
--- !u!1 &1504310263326256
GameObject:
  m_ObjectHideFlags: 1
  m_PrefabParentObject: {fileID: 0}
  m_PrefabInternal: {fileID: 100100000}
  serializedVersion: 5
  m_Component:
  - component: {fileID: 4557787686868822}
  m_Layer: 0
  m_Name: MHuman_R_Little_Proximal
  m_TagString: Untagged
  m_Icon: {fileID: 0}
  m_NavMeshLayer: 0
  m_StaticEditorFlags: 0
  m_IsActive: 1
--- !u!1 &1520464502071152
GameObject:
  m_ObjectHideFlags: 1
  m_PrefabParentObject: {fileID: 0}
  m_PrefabInternal: {fileID: 100100000}
  serializedVersion: 5
  m_Component:
  - component: {fileID: 4007733033461370}
  m_Layer: 0
  m_Name: tophead
  m_TagString: Untagged
  m_Icon: {fileID: 0}
  m_NavMeshLayer: 0
  m_StaticEditorFlags: 0
  m_IsActive: 1
--- !u!1 &1540097532523978
GameObject:
  m_ObjectHideFlags: 1
  m_PrefabParentObject: {fileID: 0}
  m_PrefabInternal: {fileID: 100100000}
  serializedVersion: 5
  m_Component:
  - component: {fileID: 4053603635957246}
  m_Layer: 0
  m_Name: MHuman_R_Little_Intermediate
  m_TagString: Untagged
  m_Icon: {fileID: 0}
  m_NavMeshLayer: 0
  m_StaticEditorFlags: 0
  m_IsActive: 1
--- !u!1 &1559490643096702
GameObject:
  m_ObjectHideFlags: 1
  m_PrefabParentObject: {fileID: 0}
  m_PrefabInternal: {fileID: 100100000}
  serializedVersion: 5
  m_Component:
  - component: {fileID: 4940384459862418}
  m_Layer: 0
  m_Name: MHuman_R_Lower_Arm
  m_TagString: Untagged
  m_Icon: {fileID: 0}
  m_NavMeshLayer: 0
  m_StaticEditorFlags: 0
  m_IsActive: 1
--- !u!1 &1564400604819436
GameObject:
  m_ObjectHideFlags: 1
  m_PrefabParentObject: {fileID: 0}
  m_PrefabInternal: {fileID: 100100000}
  serializedVersion: 5
  m_Component:
  - component: {fileID: 4249870885820354}
  m_Layer: 0
  m_Name: transform1
  m_TagString: Untagged
  m_Icon: {fileID: 0}
  m_NavMeshLayer: 0
  m_StaticEditorFlags: 0
  m_IsActive: 1
--- !u!1 &1570328962606424
GameObject:
  m_ObjectHideFlags: 1
  m_PrefabParentObject: {fileID: 0}
  m_PrefabInternal: {fileID: 100100000}
  serializedVersion: 5
  m_Component:
  - component: {fileID: 4041336977598406}
  m_Layer: 0
  m_Name: MHuman_L_Hand
  m_TagString: Untagged
  m_Icon: {fileID: 0}
  m_NavMeshLayer: 0
  m_StaticEditorFlags: 0
  m_IsActive: 1
--- !u!1 &1577344907319970
GameObject:
  m_ObjectHideFlags: 1
  m_PrefabParentObject: {fileID: 0}
  m_PrefabInternal: {fileID: 100100000}
  serializedVersion: 5
  m_Component:
  - component: {fileID: 4778406290750984}
  m_Layer: 0
  m_Name: MHuman_L_Foot
  m_TagString: Untagged
  m_Icon: {fileID: 0}
  m_NavMeshLayer: 0
  m_StaticEditorFlags: 0
  m_IsActive: 1
--- !u!1 &1618593111898794
GameObject:
  m_ObjectHideFlags: 1
  m_PrefabParentObject: {fileID: 0}
  m_PrefabInternal: {fileID: 100100000}
  serializedVersion: 5
  m_Component:
  - component: {fileID: 4464488570379850}
  m_Layer: 0
  m_Name: MHuman_Neck
  m_TagString: Untagged
  m_Icon: {fileID: 0}
  m_NavMeshLayer: 0
  m_StaticEditorFlags: 0
  m_IsActive: 1
--- !u!1 &1624413858386832
GameObject:
  m_ObjectHideFlags: 1
  m_PrefabParentObject: {fileID: 0}
  m_PrefabInternal: {fileID: 100100000}
  serializedVersion: 5
  m_Component:
  - component: {fileID: 4341971432117228}
  m_Layer: 0
  m_Name: MHuman_L_Thumb_Distal
  m_TagString: Untagged
  m_Icon: {fileID: 0}
  m_NavMeshLayer: 0
  m_StaticEditorFlags: 0
  m_IsActive: 1
--- !u!1 &1644328773871890
GameObject:
  m_ObjectHideFlags: 1
  m_PrefabParentObject: {fileID: 0}
  m_PrefabInternal: {fileID: 100100000}
  serializedVersion: 5
  m_Component:
  - component: {fileID: 4630889188756972}
  m_Layer: 0
  m_Name: MHuman_R_Shoulder
  m_TagString: Untagged
  m_Icon: {fileID: 0}
  m_NavMeshLayer: 0
  m_StaticEditorFlags: 0
  m_IsActive: 1
--- !u!1 &1658357124562346
GameObject:
  m_ObjectHideFlags: 1
  m_PrefabParentObject: {fileID: 0}
  m_PrefabInternal: {fileID: 100100000}
  serializedVersion: 5
  m_Component:
  - component: {fileID: 4375449742258930}
  m_Layer: 0
  m_Name: MHuman_R_Index_Distal
  m_TagString: Untagged
  m_Icon: {fileID: 0}
  m_NavMeshLayer: 0
  m_StaticEditorFlags: 0
  m_IsActive: 1
--- !u!1 &1679430790256164
GameObject:
  m_ObjectHideFlags: 1
  m_PrefabParentObject: {fileID: 0}
  m_PrefabInternal: {fileID: 100100000}
  serializedVersion: 5
  m_Component:
  - component: {fileID: 4027804417505258}
  m_Layer: 0
  m_Name: MHuman_L_Middle_Proximal
  m_TagString: Untagged
  m_Icon: {fileID: 0}
  m_NavMeshLayer: 0
  m_StaticEditorFlags: 0
  m_IsActive: 1
--- !u!1 &1703556702126050
GameObject:
  m_ObjectHideFlags: 1
  m_PrefabParentObject: {fileID: 0}
  m_PrefabInternal: {fileID: 100100000}
  serializedVersion: 5
  m_Component:
  - component: {fileID: 4515266540771320}
  m_Layer: 0
  m_Name: MHuman_L_Shoulder
  m_TagString: Untagged
  m_Icon: {fileID: 0}
  m_NavMeshLayer: 0
  m_StaticEditorFlags: 0
  m_IsActive: 1
--- !u!1 &1716791875996128
GameObject:
  m_ObjectHideFlags: 1
  m_PrefabParentObject: {fileID: 0}
  m_PrefabInternal: {fileID: 100100000}
  serializedVersion: 5
  m_Component:
  - component: {fileID: 4655071521437528}
  m_Layer: 0
  m_Name: MHuman_R_Thumb_Proximal
  m_TagString: Untagged
  m_Icon: {fileID: 0}
  m_NavMeshLayer: 0
  m_StaticEditorFlags: 0
  m_IsActive: 1
--- !u!1 &1727799931833738
GameObject:
  m_ObjectHideFlags: 1
  m_PrefabParentObject: {fileID: 0}
  m_PrefabInternal: {fileID: 100100000}
  serializedVersion: 5
  m_Component:
  - component: {fileID: 4993929077674050}
  m_Layer: 0
  m_Name: MHuman_R_Hand
  m_TagString: Untagged
  m_Icon: {fileID: 0}
  m_NavMeshLayer: 0
  m_StaticEditorFlags: 0
  m_IsActive: 1
--- !u!1 &1732093178928512
GameObject:
  m_ObjectHideFlags: 1
  m_PrefabParentObject: {fileID: 0}
  m_PrefabInternal: {fileID: 100100000}
  serializedVersion: 5
  m_Component:
  - component: {fileID: 4504499978618588}
  m_Layer: 0
  m_Name: MHuman_R_Upper_Arm
  m_TagString: Untagged
  m_Icon: {fileID: 0}
  m_NavMeshLayer: 0
  m_StaticEditorFlags: 0
  m_IsActive: 1
--- !u!1 &1741293078953476
GameObject:
  m_ObjectHideFlags: 1
  m_PrefabParentObject: {fileID: 0}
  m_PrefabInternal: {fileID: 100100000}
  serializedVersion: 5
  m_Component:
  - component: {fileID: 4371844466801368}
  m_Layer: 0
  m_Name: MHuman_R_Index_Intermediate
  m_TagString: Untagged
  m_Icon: {fileID: 0}
  m_NavMeshLayer: 0
  m_StaticEditorFlags: 0
  m_IsActive: 1
--- !u!1 &1760281869304982
GameObject:
  m_ObjectHideFlags: 1
  m_PrefabParentObject: {fileID: 0}
  m_PrefabInternal: {fileID: 100100000}
  serializedVersion: 5
  m_Component:
  - component: {fileID: 4659728104013414}
  m_Layer: 0
  m_Name: MHuman_L_Little_Intermediate
  m_TagString: Untagged
  m_Icon: {fileID: 0}
  m_NavMeshLayer: 0
  m_StaticEditorFlags: 0
  m_IsActive: 1
--- !u!1 &1761910807131470
GameObject:
  m_ObjectHideFlags: 0
  m_PrefabParentObject: {fileID: 0}
  m_PrefabInternal: {fileID: 100100000}
  serializedVersion: 5
  m_Component:
  - component: {fileID: 4230170614548480}
  - component: {fileID: 137320475950094686}
  m_Layer: 0
  m_Name: MHuman
  m_TagString: Untagged
  m_Icon: {fileID: 0}
  m_NavMeshLayer: 0
  m_StaticEditorFlags: 0
  m_IsActive: 1
--- !u!1 &1784545752548150
GameObject:
  m_ObjectHideFlags: 1
  m_PrefabParentObject: {fileID: 0}
  m_PrefabInternal: {fileID: 100100000}
  serializedVersion: 5
  m_Component:
  - component: {fileID: 4309527148763360}
  m_Layer: 0
  m_Name: MHuman_R_Middle_Intermediate
  m_TagString: Untagged
  m_Icon: {fileID: 0}
  m_NavMeshLayer: 0
  m_StaticEditorFlags: 0
  m_IsActive: 1
--- !u!1 &1841741009472340
GameObject:
  m_ObjectHideFlags: 1
  m_PrefabParentObject: {fileID: 0}
  m_PrefabInternal: {fileID: 100100000}
  serializedVersion: 5
  m_Component:
  - component: {fileID: 4473693474381142}
  m_Layer: 0
  m_Name: MHuman_R_Thumb_Intermediate
  m_TagString: Untagged
  m_Icon: {fileID: 0}
  m_NavMeshLayer: 0
  m_StaticEditorFlags: 0
  m_IsActive: 1
--- !u!1 &1851424489979882
GameObject:
  m_ObjectHideFlags: 1
  m_PrefabParentObject: {fileID: 0}
  m_PrefabInternal: {fileID: 100100000}
  serializedVersion: 5
  m_Component:
  - component: {fileID: 4245062615386858}
  m_Layer: 0
  m_Name: MHuman_L_Index_Distal
  m_TagString: Untagged
  m_Icon: {fileID: 0}
  m_NavMeshLayer: 0
  m_StaticEditorFlags: 0
  m_IsActive: 1
--- !u!1 &1871251138988286
GameObject:
  m_ObjectHideFlags: 1
  m_PrefabParentObject: {fileID: 0}
  m_PrefabInternal: {fileID: 100100000}
  serializedVersion: 5
  m_Component:
  - component: {fileID: 4002162404909120}
  m_Layer: 0
  m_Name: MHuman_R_Little_Distal
  m_TagString: Untagged
  m_Icon: {fileID: 0}
  m_NavMeshLayer: 0
  m_StaticEditorFlags: 0
  m_IsActive: 1
--- !u!1 &1888175748789494
GameObject:
  m_ObjectHideFlags: 1
  m_PrefabParentObject: {fileID: 0}
  m_PrefabInternal: {fileID: 100100000}
  serializedVersion: 5
  m_Component:
  - component: {fileID: 4399536730079792}
  m_Layer: 0
  m_Name: MHuman_R_Ring_Intermediate
  m_TagString: Untagged
  m_Icon: {fileID: 0}
  m_NavMeshLayer: 0
  m_StaticEditorFlags: 0
  m_IsActive: 1
--- !u!1 &1950005317121910
GameObject:
  m_ObjectHideFlags: 1
  m_PrefabParentObject: {fileID: 0}
  m_PrefabInternal: {fileID: 100100000}
  serializedVersion: 5
  m_Component:
  - component: {fileID: 4383908635239870}
  m_Layer: 0
  m_Name: MHuman_R_Lower_Leg
  m_TagString: Untagged
  m_Icon: {fileID: 0}
  m_NavMeshLayer: 0
  m_StaticEditorFlags: 0
  m_IsActive: 1
--- !u!1 &1964201471034496
GameObject:
  m_ObjectHideFlags: 1
  m_PrefabParentObject: {fileID: 0}
  m_PrefabInternal: {fileID: 100100000}
  serializedVersion: 5
  m_Component:
  - component: {fileID: 4997691780792372}
  m_Layer: 0
  m_Name: MHuman_R_Ring_Proximal
  m_TagString: Untagged
  m_Icon: {fileID: 0}
  m_NavMeshLayer: 0
  m_StaticEditorFlags: 0
  m_IsActive: 1
--- !u!1 &1978549098071558
GameObject:
  m_ObjectHideFlags: 1
  m_PrefabParentObject: {fileID: 0}
  m_PrefabInternal: {fileID: 100100000}
  serializedVersion: 5
  m_Component:
  - component: {fileID: 4443771186376324}
  m_Layer: 0
  m_Name: MHuman_R_Middle_Proximal
  m_TagString: Untagged
  m_Icon: {fileID: 0}
  m_NavMeshLayer: 0
  m_StaticEditorFlags: 0
  m_IsActive: 1
--- !u!1 &1994137063867774
GameObject:
  m_ObjectHideFlags: 1
  m_PrefabParentObject: {fileID: 0}
  m_PrefabInternal: {fileID: 100100000}
  serializedVersion: 5
  m_Component:
  - component: {fileID: 4887830904861688}
  m_Layer: 0
  m_Name: MHuman_R_Foot
  m_TagString: Untagged
  m_Icon: {fileID: 0}
  m_NavMeshLayer: 0
  m_StaticEditorFlags: 0
  m_IsActive: 1
--- !u!4 &4002162404909120
Transform:
  m_ObjectHideFlags: 1
  m_PrefabParentObject: {fileID: 0}
  m_PrefabInternal: {fileID: 100100000}
  m_GameObject: {fileID: 1871251138988286}
  m_LocalRotation: {x: -0.04274814, y: -0.21529314, z: -0.21990569, w: 0.9505067}
  m_LocalPosition: {x: -0.03315, y: -0.00000005705992, z: 0.000000014914438}
  m_LocalScale: {x: 1.0000002, y: 1.0000001, z: 1}
  m_Children: []
  m_Father: {fileID: 4053603635957246}
  m_RootOrder: 0
  m_LocalEulerAnglesHint: {x: 0, y: 0, z: 0}
--- !u!4 &4007733033461370
Transform:
  m_ObjectHideFlags: 1
  m_PrefabParentObject: {fileID: 0}
  m_PrefabInternal: {fileID: 100100000}
  m_GameObject: {fileID: 1520464502071152}
  m_LocalRotation: {x: 0, y: -0, z: -0, w: 1}
  m_LocalPosition: {x: -0.28806955, y: 1.4654943e-16, z: -9.594643e-17}
  m_LocalScale: {x: 1, y: 1, z: 1}
  m_Children: []
  m_Father: {fileID: 4159346804743080}
  m_RootOrder: 0
  m_LocalEulerAnglesHint: {x: 0, y: 0, z: 0}
--- !u!4 &4027804417505258
Transform:
  m_ObjectHideFlags: 1
  m_PrefabParentObject: {fileID: 0}
  m_PrefabInternal: {fileID: 100100000}
  m_GameObject: {fileID: 1679430790256164}
  m_LocalRotation: {x: -0.07549479, y: -0.059306603, z: 0.80162746, w: 0.590065}
  m_LocalPosition: {x: -0.13812582, y: -0.014901933, z: -0.027657721}
  m_LocalScale: {x: 1.0000001, y: 1.0000001, z: 1.0000001}
  m_Children:
  - {fileID: 4529999121804578}
  m_Father: {fileID: 4041336977598406}
  m_RootOrder: 2
  m_LocalEulerAnglesHint: {x: 0, y: 0, z: 0}
--- !u!4 &4041336977598406
Transform:
  m_ObjectHideFlags: 1
  m_PrefabParentObject: {fileID: 0}
  m_PrefabInternal: {fileID: 100100000}
  m_GameObject: {fileID: 1570328962606424}
  m_LocalRotation: {x: 0, y: -0, z: -0, w: 1}
  m_LocalPosition: {x: -0.42192328, y: 0.000000057485718, z: -0.0000000026693305}
  m_LocalScale: {x: 0.99999994, y: 0.99999994, z: 0.99999994}
  m_Children:
  - {fileID: 4393040282914160}
  - {fileID: 4265674051392944}
  - {fileID: 4027804417505258}
  - {fileID: 4202760397786802}
  - {fileID: 4881218069732152}
  m_Father: {fileID: 4831309849849626}
  m_RootOrder: 0
  m_LocalEulerAnglesHint: {x: 0, y: 0, z: 0}
--- !u!4 &4050804742063480
Transform:
  m_ObjectHideFlags: 1
  m_PrefabParentObject: {fileID: 0}
  m_PrefabInternal: {fileID: 100100000}
  m_GameObject: {fileID: 1261900646360862}
  m_LocalRotation: {x: 0, y: 0.7071068, z: 0, w: 0.7071067}
  m_LocalPosition: {x: 0, y: 0, z: 0}
  m_LocalScale: {x: 1, y: 1, z: 1}
  m_Children:
  - {fileID: 4230170614548480}
  - {fileID: 4190109497997352}
  m_Father: {fileID: 0}
  m_RootOrder: 0
  m_LocalEulerAnglesHint: {x: 0, y: 0, z: 0}
--- !u!4 &4053603635957246
Transform:
  m_ObjectHideFlags: 1
  m_PrefabParentObject: {fileID: 0}
  m_PrefabInternal: {fileID: 100100000}
  m_GameObject: {fileID: 1540097532523978}
  m_LocalRotation: {x: -0.041994356, y: -0.023644721, z: 0.6407554, w: 0.76623106}
  m_LocalPosition: {x: -0.022374038, y: 0.000000037245925, z: -0.000000018623458}
  m_LocalScale: {x: 1.0000004, y: 1.0000001, z: 1}
  m_Children:
  - {fileID: 4002162404909120}
  m_Father: {fileID: 4557787686868822}
  m_RootOrder: 0
  m_LocalEulerAnglesHint: {x: 0, y: 0, z: 0}
--- !u!4 &4127800637873914
Transform:
  m_ObjectHideFlags: 1
  m_PrefabParentObject: {fileID: 0}
  m_PrefabInternal: {fileID: 100100000}
  m_GameObject: {fileID: 1113295685598600}
  m_LocalRotation: {x: 0, y: 0, z: 0.6491301, w: 0.7606774}
  m_LocalPosition: {x: -0.033146355, y: 0.00000015988014, z: 0.00000002343507}
  m_LocalScale: {x: 1, y: 1, z: 1.0000005}
  m_Children: []
  m_Father: {fileID: 4659728104013414}
  m_RootOrder: 0
  m_LocalEulerAnglesHint: {x: 0, y: 0, z: 0}
--- !u!4 &4136050085017718
Transform:
  m_ObjectHideFlags: 1
  m_PrefabParentObject: {fileID: 0}
  m_PrefabInternal: {fileID: 100100000}
  m_GameObject: {fileID: 1290353714065750}
  m_LocalRotation: {x: 0.04073986, y: 0.9982582, z: 0.0016924513, w: -0.042638004}
  m_LocalPosition: {x: 0.10901414, y: -0.008790352, z: -0.13816799}
  m_LocalScale: {x: 1.0000002, y: 1.0000004, z: 1.0000004}
  m_Children:
  - {fileID: 4383908635239870}
  m_Father: {fileID: 4190109497997352}
  m_RootOrder: 1
  m_LocalEulerAnglesHint: {x: 0, y: 0, z: 0}
--- !u!4 &4159346804743080
Transform:
  m_ObjectHideFlags: 1
  m_PrefabParentObject: {fileID: 0}
  m_PrefabInternal: {fileID: 100100000}
  m_GameObject: {fileID: 1498308204689630}
  m_LocalRotation: {x: 0, y: 0, z: 0.17355323, w: 0.9848245}
  m_LocalPosition: {x: -0.13636513, y: 0.0000000015750421, z: -1.6653344e-17}
  m_LocalScale: {x: 1, y: 1, z: 1}
  m_Children:
  - {fileID: 4007733033461370}
  m_Father: {fileID: 4464488570379850}
  m_RootOrder: 0
  m_LocalEulerAnglesHint: {x: 0, y: 0, z: 0}
--- !u!4 &4190109497997352
Transform:
  m_ObjectHideFlags: 1
  m_PrefabParentObject: {fileID: 0}
  m_PrefabInternal: {fileID: 100100000}
  m_GameObject: {fileID: 1202970267522572}
  m_LocalRotation: {x: 0.47948563, y: -0.5197053, z: -0.47948563, w: 0.5197053}
  m_LocalPosition: {x: -0.008198899, y: 1.5412889, z: -0.012818458}
  m_LocalScale: {x: 1.0000001, y: 1.0000001, z: 1}
  m_Children:
  - {fileID: 4313107660175172}
  - {fileID: 4136050085017718}
  - {fileID: 4500878652117766}
  m_Father: {fileID: 4050804742063480}
  m_RootOrder: 1
  m_LocalEulerAnglesHint: {x: 0, y: 0, z: 0}
--- !u!4 &4202760397786802
Transform:
  m_ObjectHideFlags: 1
  m_PrefabParentObject: {fileID: 0}
  m_PrefabInternal: {fileID: 100100000}
  m_GameObject: {fileID: 1145704338063316}
  m_LocalRotation: {x: -0.14006737, y: -0.119032964, z: 0.76860255, w: 0.6127499}
  m_LocalPosition: {x: -0.1274427, y: -0.0155947525, z: -0.05838848}
  m_LocalScale: {x: 1.0000001, y: 1.0000001, z: 1.0000002}
  m_Children:
  - {fileID: 4724388521607794}
  m_Father: {fileID: 4041336977598406}
  m_RootOrder: 3
  m_LocalEulerAnglesHint: {x: 0, y: 0, z: 0}
--- !u!4 &4206105750786894
Transform:
  m_ObjectHideFlags: 1
  m_PrefabParentObject: {fileID: 0}
  m_PrefabInternal: {fileID: 100100000}
  m_GameObject: {fileID: 1127379880791068}
  m_LocalRotation: {x: 0, y: -0, z: -0, w: 1}
  m_LocalPosition: {x: -0.096662536, y: -3.2862602e-16, z: -3.5527136e-17}
  m_LocalScale: {x: 1, y: 1, z: 1}
  m_Children: []
  m_Father: {fileID: 4396192367324944}
  m_RootOrder: 0
  m_LocalEulerAnglesHint: {x: 0, y: 0, z: 0}
--- !u!4 &4207993764916050
Transform:
  m_ObjectHideFlags: 1
  m_PrefabParentObject: {fileID: 0}
  m_PrefabInternal: {fileID: 100100000}
  m_GameObject: {fileID: 1071287675471424}
  m_LocalRotation: {x: 0, y: -0, z: -0, w: 1}
  m_LocalPosition: {x: -0.09666354, y: 8.881784e-18, z: 7.105427e-17}
  m_LocalScale: {x: 1, y: 1, z: 1}
  m_Children: []
  m_Father: {fileID: 4273627859344332}
  m_RootOrder: 0
  m_LocalEulerAnglesHint: {x: 0, y: 0, z: 0}
--- !u!4 &4230170614548480
Transform:
  m_ObjectHideFlags: 1
  m_PrefabParentObject: {fileID: 0}
  m_PrefabInternal: {fileID: 100100000}
  m_GameObject: {fileID: 1761910807131470}
  m_LocalRotation: {x: 0, y: -0, z: -0, w: 1}
  m_LocalPosition: {x: -0, y: 0, z: 0}
  m_LocalScale: {x: 1, y: 1, z: 1}
  m_Children: []
  m_Father: {fileID: 4050804742063480}
  m_RootOrder: 0
  m_LocalEulerAnglesHint: {x: 0, y: 0, z: 0}
--- !u!4 &4245062615386858
Transform:
  m_ObjectHideFlags: 1
  m_PrefabParentObject: {fileID: 0}
  m_PrefabInternal: {fileID: 100100000}
  m_GameObject: {fileID: 1851424489979882}
  m_LocalRotation: {x: 0, y: 0, z: 0.6491301, w: 0.7606774}
  m_LocalPosition: {x: -0.05688058, y: -0.000000056796818, z: 0.0000000038017713}
  m_LocalScale: {x: 1, y: 1, z: 1.0000007}
  m_Children: []
  m_Father: {fileID: 4671009588732854}
  m_RootOrder: 0
  m_LocalEulerAnglesHint: {x: 0, y: 0, z: 0}
--- !u!4 &4249870885820354
Transform:
  m_ObjectHideFlags: 1
  m_PrefabParentObject: {fileID: 0}
  m_PrefabInternal: {fileID: 100100000}
  m_GameObject: {fileID: 1564400604819436}
  m_LocalRotation: {x: 0.004202386, y: 0.9797842, z: -0.10448692, w: -0.17055136}
  m_LocalPosition: {x: 1.114745, y: -2.1507492, z: 0.08253984}
  m_LocalScale: {x: 0.99999994, y: 0.9999999, z: 0.99999994}
  m_Children: []
  m_Father: {fileID: 4993929077674050}
  m_RootOrder: 5
  m_LocalEulerAnglesHint: {x: 0, y: 0, z: 0}
--- !u!4 &4265674051392944
Transform:
  m_ObjectHideFlags: 1
  m_PrefabParentObject: {fileID: 0}
  m_PrefabInternal: {fileID: 100100000}
  m_GameObject: {fileID: 1130119552815944}
  m_LocalRotation: {x: -0.20798294, y: -0.1661855, z: 0.7715313, w: 0.5778105}
  m_LocalPosition: {x: -0.11535373, y: -0.029746698, z: -0.082551904}
  m_LocalScale: {x: 1.0000002, y: 1.0000004, z: 1.0000002}
  m_Children:
  - {fileID: 4659728104013414}
  m_Father: {fileID: 4041336977598406}
  m_RootOrder: 1
  m_LocalEulerAnglesHint: {x: 0, y: 0, z: 0}
--- !u!4 &4273627859344332
Transform:
  m_ObjectHideFlags: 1
  m_PrefabParentObject: {fileID: 0}
  m_PrefabInternal: {fileID: 100100000}
  m_GameObject: {fileID: 1037247939217920}
  m_LocalRotation: {x: -0.006818523, y: -0.018625308, z: -0.15642099, w: 0.9874913}
  m_LocalPosition: {x: -0.17080562, y: 0.000000004672236, z: 0.000000014093531}
  m_LocalScale: {x: 1.0000001, y: 1.0000001, z: 1.0000001}
  m_Children:
  - {fileID: 4207993764916050}
  m_Father: {fileID: 4887830904861688}
  m_RootOrder: 0
  m_LocalEulerAnglesHint: {x: 0, y: 0, z: 0}
--- !u!4 &4289531085545504
Transform:
  m_ObjectHideFlags: 1
  m_PrefabParentObject: {fileID: 0}
  m_PrefabInternal: {fileID: 100100000}
  m_GameObject: {fileID: 1474557577384818}
  m_LocalRotation: {x: 0.03063779, y: 0.02864318, z: 0.75086975, w: 0.6591172}
  m_LocalPosition: {x: -0.13000742, y: -0.0146480175, z: -0.0062568365}
  m_LocalScale: {x: 1, y: 1, z: 1}
  m_Children:
  - {fileID: 4371844466801368}
  m_Father: {fileID: 4993929077674050}
  m_RootOrder: 0
  m_LocalEulerAnglesHint: {x: 0, y: 0, z: 0}
--- !u!4 &4297559628094798
Transform:
  m_ObjectHideFlags: 1
  m_PrefabParentObject: {fileID: 0}
  m_PrefabInternal: {fileID: 100100000}
  m_GameObject: {fileID: 1077011205119262}
  m_LocalRotation: {x: 0, y: 0, z: 0.6491301, w: 0.7606774}
  m_LocalPosition: {x: -0.048519637, y: -0.000000015155551, z: -0.000000016988368}
  m_LocalScale: {x: 1.0000001, y: 1.0000001, z: 1.0000005}
  m_Children: []
  m_Father: {fileID: 4529999121804578}
  m_RootOrder: 0
  m_LocalEulerAnglesHint: {x: 0, y: 0, z: 0}
--- !u!4 &4309527148763360
Transform:
  m_ObjectHideFlags: 1
  m_PrefabParentObject: {fileID: 0}
  m_PrefabInternal: {fileID: 100100000}
  m_GameObject: {fileID: 1784545752548150}
  m_LocalRotation: {x: -0.016098324, y: -0.008871568, z: 0.6356901, w: 0.77172554}
  m_LocalPosition: {x: -0.0475408, y: 0.00000005120843, z: 0.0000000061368723}
  m_LocalScale: {x: 1.000001, y: 1, z: 0.99999994}
  m_Children:
  - {fileID: 4986917108181090}
  m_Father: {fileID: 4443771186376324}
  m_RootOrder: 0
  m_LocalEulerAnglesHint: {x: 0, y: 0, z: 0}
--- !u!4 &4313107660175172
Transform:
  m_ObjectHideFlags: 1
  m_PrefabParentObject: {fileID: 0}
  m_PrefabInternal: {fileID: 100100000}
  m_GameObject: {fileID: 1411489440906572}
  m_LocalRotation: {x: 0.040739857, y: 0.9982582, z: -0.0016924524, w: 0.04263803}
  m_LocalPosition: {x: 0.10901414, y: -0.008790356, z: 0.13816838}
  m_LocalScale: {x: 1.0000001, y: 1, z: 1}
  m_Children:
  - {fileID: 4835707097503088}
  m_Father: {fileID: 4190109497997352}
  m_RootOrder: 0
  m_LocalEulerAnglesHint: {x: 0, y: 0, z: 0}
--- !u!4 &4341971432117228
Transform:
  m_ObjectHideFlags: 1
  m_PrefabParentObject: {fileID: 0}
  m_PrefabInternal: {fileID: 100100000}
  m_GameObject: {fileID: 1624413858386832}
  m_LocalRotation: {x: 0, y: -0, z: -0, w: 1}
  m_LocalPosition: {x: -0.042824693, y: -0.000000058483035, z: 0.000000007914036}
  m_LocalScale: {x: 1.0000002, y: 1.0000004, z: 1.0000002}
  m_Children: []
  m_Father: {fileID: 4800463377977952}
  m_RootOrder: 0
  m_LocalEulerAnglesHint: {x: 0, y: 0, z: 0}
--- !u!4 &4342925889086612
Transform:
  m_ObjectHideFlags: 1
  m_PrefabParentObject: {fileID: 0}
  m_PrefabInternal: {fileID: 100100000}
  m_GameObject: {fileID: 1492489178997666}
  m_LocalRotation: {x: -0.7017136, y: -0.068379186, z: -0.10485067, w: 0.70137626}
  m_LocalPosition: {x: -0.12607789, y: -0.0017908966, z: 0.016868781}
  m_LocalScale: {x: 1.0000002, y: 1.0000002, z: 1.0000002}
  m_Children:
  - {fileID: 4831309849849626}
  m_Father: {fileID: 4515266540771320}
  m_RootOrder: 0
  m_LocalEulerAnglesHint: {x: 0, y: 0, z: 0}
--- !u!4 &4371844466801368
Transform:
  m_ObjectHideFlags: 1
  m_PrefabParentObject: {fileID: 0}
  m_PrefabInternal: {fileID: 100100000}
  m_GameObject: {fileID: 1741293078953476}
  m_LocalRotation: {x: -0.0031827753, y: -0.0016450344, z: 0.62556505, w: 0.7801638}
  m_LocalPosition: {x: -0.047129743, y: -0.000000025733291, z: 0.000000027186552}
  m_LocalScale: {x: 1.0000004, y: 1, z: 1}
  m_Children:
  - {fileID: 4375449742258930}
  m_Father: {fileID: 4289531085545504}
  m_RootOrder: 0
  m_LocalEulerAnglesHint: {x: 0, y: 0, z: 0}
--- !u!4 &4375449742258930
Transform:
  m_ObjectHideFlags: 1
  m_PrefabParentObject: {fileID: 0}
  m_PrefabInternal: {fileID: 100100000}
  m_GameObject: {fileID: 1658357124562346}
  m_LocalRotation: {x: 0, y: -0, z: -0, w: 1}
  m_LocalPosition: {x: -0.056879833, y: -0.00000008317069, z: 0.000000004261316}
  m_LocalScale: {x: 1, y: 1, z: 1}
  m_Children: []
  m_Father: {fileID: 4371844466801368}
  m_RootOrder: 0
  m_LocalEulerAnglesHint: {x: 0, y: 0, z: 0}
--- !u!4 &4383908635239870
Transform:
  m_ObjectHideFlags: 1
  m_PrefabParentObject: {fileID: 0}
  m_PrefabInternal: {fileID: 100100000}
  m_GameObject: {fileID: 1950005317121910}
  m_LocalRotation: {x: -0.00030853937, y: -0.0072688004, z: 0.041293133, w: 0.9991206}
  m_LocalPosition: {x: -0.6452676, y: -0.00000001616036, z: 0.000000041975827}
  m_LocalScale: {x: 1, y: 1, z: 1}
  m_Children:
  - {fileID: 4887830904861688}
  m_Father: {fileID: 4136050085017718}
  m_RootOrder: 0
  m_LocalEulerAnglesHint: {x: 0, y: 0, z: 0}
--- !u!4 &4393040282914160
Transform:
  m_ObjectHideFlags: 1
  m_PrefabParentObject: {fileID: 0}
  m_PrefabInternal: {fileID: 100100000}
  m_GameObject: {fileID: 1330331314645972}
  m_LocalRotation: {x: -0.03349163, y: -0.025247322, z: 0.8162807, w: 0.57613075}
  m_LocalPosition: {x: -0.13000122, y: -0.014647164, z: 0.0062572714}
  m_LocalScale: {x: 0.99999994, y: 1, z: 1}
  m_Children:
  - {fileID: 4671009588732854}
  m_Father: {fileID: 4041336977598406}
  m_RootOrder: 0
  m_LocalEulerAnglesHint: {x: 0, y: 0, z: 0}
--- !u!4 &4396192367324944
Transform:
  m_ObjectHideFlags: 1
  m_PrefabParentObject: {fileID: 0}
  m_PrefabInternal: {fileID: 100100000}
  m_GameObject: {fileID: 1397416603927360}
  m_LocalRotation: {x: 0.006819436, y: 0.01862864, z: -0.15642849, w: 0.98749006}
  m_LocalPosition: {x: -0.17080511, y: 2.762744e-10, z: -0.000000004494891}
  m_LocalScale: {x: 1.0000001, y: 1.0000002, z: 1.0000001}
  m_Children:
  - {fileID: 4206105750786894}
  m_Father: {fileID: 4778406290750984}
  m_RootOrder: 0
  m_LocalEulerAnglesHint: {x: 0, y: 0, z: 0}
--- !u!4 &4398109766315302
Transform:
  m_ObjectHideFlags: 1
  m_PrefabParentObject: {fileID: 0}
  m_PrefabInternal: {fileID: 100100000}
  m_GameObject: {fileID: 1121836625723934}
  m_LocalRotation: {x: 0, y: -0, z: -0, w: 1}
  m_LocalPosition: {x: -0.04931069, y: -0.0000000086596295, z: 0.000000008463738}
  m_LocalScale: {x: 0.99999994, y: 0.99999994, z: 1}
  m_Children: []
  m_Father: {fileID: 4399536730079792}
  m_RootOrder: 0
  m_LocalEulerAnglesHint: {x: 0, y: 0, z: 0}
--- !u!4 &4399536730079792
Transform:
  m_ObjectHideFlags: 1
  m_PrefabParentObject: {fileID: 0}
  m_PrefabInternal: {fileID: 100100000}
  m_GameObject: {fileID: 1888175748789494}
  m_LocalRotation: {x: -0.013551339, y: -0.008260263, z: 0.6610864, w: 0.7501419}
  m_LocalPosition: {x: -0.031958316, y: -0.00000006543787, z: 0.000000011111703}
  m_LocalScale: {x: 1.0000001, y: 1, z: 1}
  m_Children:
  - {fileID: 4398109766315302}
  m_Father: {fileID: 4997691780792372}
  m_RootOrder: 0
  m_LocalEulerAnglesHint: {x: 0, y: 0, z: 0}
--- !u!4 &4403092455717936
Transform:
  m_ObjectHideFlags: 1
  m_PrefabParentObject: {fileID: 0}
  m_PrefabInternal: {fileID: 100100000}
  m_GameObject: {fileID: 1148042626393932}
  m_LocalRotation: {x: 0, y: -0, z: -0, w: 1}
  m_LocalPosition: {x: -0.042823233, y: 0.00000010257733, z: 0.000000021712676}
  m_LocalScale: {x: 1, y: 1.0000004, z: 1}
  m_Children: []
  m_Father: {fileID: 4473693474381142}
  m_RootOrder: 0
  m_LocalEulerAnglesHint: {x: 0, y: 0, z: 0}
--- !u!4 &4443771186376324
Transform:
  m_ObjectHideFlags: 1
  m_PrefabParentObject: {fileID: 0}
  m_PrefabInternal: {fileID: 100100000}
  m_GameObject: {fileID: 1978549098071558}
  m_LocalRotation: {x: 0.06881587, y: 0.06695226, z: 0.7348389, w: 0.67141163}
  m_LocalPosition: {x: -0.13813055, y: -0.014902729, z: 0.027658118}
  m_LocalScale: {x: 1.0000001, y: 1, z: 1}
  m_Children:
  - {fileID: 4309527148763360}
  m_Father: {fileID: 4993929077674050}
  m_RootOrder: 2
  m_LocalEulerAnglesHint: {x: 0, y: 0, z: 0}
--- !u!4 &4464488570379850
Transform:
  m_ObjectHideFlags: 1
  m_PrefabParentObject: {fileID: 0}
  m_PrefabInternal: {fileID: 100100000}
  m_GameObject: {fileID: 1618593111898794}
  m_LocalRotation: {x: 0, y: -0, z: -0.23116688, w: 0.9729141}
  m_LocalPosition: {x: -0.2468375, y: -0.000000019005471, z: -5.551115e-17}
  m_LocalScale: {x: 1.0000002, y: 1.0000001, z: 1.0000001}
  m_Children:
  - {fileID: 4159346804743080}
  m_Father: {fileID: 4626931202781430}
  m_RootOrder: 1
  m_LocalEulerAnglesHint: {x: 0, y: 0, z: 0}
--- !u!4 &4473693474381142
Transform:
  m_ObjectHideFlags: 1
  m_PrefabParentObject: {fileID: 0}
  m_PrefabInternal: {fileID: 100100000}
  m_GameObject: {fileID: 1841741009472340}
  m_LocalRotation: {x: 0.04363368, y: 0.15103696, z: -0.03049603, w: 0.9870937}
  m_LocalPosition: {x: -0.055428505, y: -0.00000007407312, z: 0.000000013668522}
  m_LocalScale: {x: 1, y: 1.0000004, z: 1}
  m_Children:
  - {fileID: 4403092455717936}
  m_Father: {fileID: 4655071521437528}
  m_RootOrder: 0
  m_LocalEulerAnglesHint: {x: 0, y: 0, z: 0}
--- !u!4 &4500878652117766
Transform:
  m_ObjectHideFlags: 1
  m_PrefabParentObject: {fileID: 0}
  m_PrefabInternal: {fileID: 100100000}
  m_GameObject: {fileID: 1432502353848438}
  m_LocalRotation: {x: 0, y: -0, z: -0.002668877, w: 0.9999964}
  m_LocalPosition: {x: -0.2653061, y: -0.000000015526323, z: -5.884182e-17}
  m_LocalScale: {x: 1, y: 1.0000001, z: 1.0000001}
  m_Children:
  - {fileID: 4626931202781430}
  m_Father: {fileID: 4190109497997352}
  m_RootOrder: 2
  m_LocalEulerAnglesHint: {x: 0, y: 0, z: 0}
--- !u!4 &4504499978618588
Transform:
  m_ObjectHideFlags: 1
  m_PrefabParentObject: {fileID: 0}
  m_PrefabInternal: {fileID: 100100000}
  m_GameObject: {fileID: 1732093178928512}
  m_LocalRotation: {x: -0.008115943, y: -0.03418417, z: -0.18789046, w: 0.9815614}
  m_LocalPosition: {x: -0.12721337, y: 0.000000045315595, z: 0.00000001130201}
  m_LocalScale: {x: 1, y: 1.0000001, z: 1}
  m_Children:
  - {fileID: 4940384459862418}
  m_Father: {fileID: 4630889188756972}
  m_RootOrder: 0
  m_LocalEulerAnglesHint: {x: 0, y: 0, z: 0}
--- !u!4 &4515266540771320
Transform:
  m_ObjectHideFlags: 1
  m_PrefabParentObject: {fileID: 0}
  m_PrefabInternal: {fileID: 100100000}
  m_GameObject: {fileID: 1703556702126050}
  m_LocalRotation: {x: 0.059799943, y: 0.7994933, z: -0.02570621, w: 0.59713787}
  m_LocalPosition: {x: -0.22324352, y: 0.008972569, z: 0.12705453}
  m_LocalScale: {x: 1, y: 1, z: 1}
  m_Children:
  - {fileID: 4342925889086612}
  m_Father: {fileID: 4626931202781430}
  m_RootOrder: 0
  m_LocalEulerAnglesHint: {x: 0, y: 0, z: 0}
--- !u!4 &4529999121804578
Transform:
  m_ObjectHideFlags: 1
  m_PrefabParentObject: {fileID: 0}
  m_PrefabInternal: {fileID: 100100000}
  m_GameObject: {fileID: 1341262898622148}
  m_LocalRotation: {x: 0.014389804, y: 0.011418901, z: 0.49849057, w: 0.8667005}
  m_LocalPosition: {x: -0.04754525, y: 0.00000007235649, z: 0.000000010737293}
  m_LocalScale: {x: 1, y: 1, z: 1.0000001}
  m_Children:
  - {fileID: 4297559628094798}
  m_Father: {fileID: 4027804417505258}
  m_RootOrder: 0
  m_LocalEulerAnglesHint: {x: 0, y: 0, z: 0}
--- !u!4 &4557787686868822
Transform:
  m_ObjectHideFlags: 1
  m_PrefabParentObject: {fileID: 0}
  m_PrefabInternal: {fileID: 100100000}
  m_GameObject: {fileID: 1504310263326256}
  m_LocalRotation: {x: 0.18929812, y: 0.18724352, z: 0.70619905, w: 0.6560404}
  m_LocalPosition: {x: -0.11536245, y: -0.029747363, z: 0.08255258}
  m_LocalScale: {x: 1, y: 1.0000001, z: 1}
  m_Children:
  - {fileID: 4053603635957246}
  m_Father: {fileID: 4993929077674050}
  m_RootOrder: 1
  m_LocalEulerAnglesHint: {x: 0, y: 0, z: 0}
--- !u!4 &4626931202781430
Transform:
  m_ObjectHideFlags: 1
  m_PrefabParentObject: {fileID: 0}
  m_PrefabInternal: {fileID: 100100000}
  m_GameObject: {fileID: 1208152170466388}
  m_LocalRotation: {x: 0, y: 0, z: 0.021277165, w: 0.9997736}
  m_LocalPosition: {x: -0.2349542, y: -0.0000000062535137, z: -5.1070257e-17}
  m_LocalScale: {x: 1.0000001, y: 1.0000002, z: 1.0000002}
  m_Children:
  - {fileID: 4515266540771320}
  - {fileID: 4464488570379850}
  - {fileID: 4630889188756972}
  m_Father: {fileID: 4500878652117766}
  m_RootOrder: 0
  m_LocalEulerAnglesHint: {x: 0, y: 0, z: 0}
--- !u!4 &4630889188756972
Transform:
  m_ObjectHideFlags: 1
  m_PrefabParentObject: {fileID: 0}
  m_PrefabInternal: {fileID: 100100000}
  m_GameObject: {fileID: 1644328773871890}
  m_LocalRotation: {x: -0.33975765, y: 0.59972394, z: -0.5840784, w: -0.4286588}
  m_LocalPosition: {x: -0.22324367, y: 0.008972544, z: -0.12705496}
  m_LocalScale: {x: 1, y: 1.0000002, z: 1}
  m_Children:
  - {fileID: 4504499978618588}
  m_Father: {fileID: 4626931202781430}
  m_RootOrder: 2
  m_LocalEulerAnglesHint: {x: 0, y: 0, z: 0}
--- !u!4 &4655071521437528
Transform:
  m_ObjectHideFlags: 1
  m_PrefabParentObject: {fileID: 0}
  m_PrefabInternal: {fileID: 100100000}
  m_GameObject: {fileID: 1716791875996128}
  m_LocalRotation: {x: -0.08711579, y: -0.08405401, z: 0.32812035, w: 0.93684727}
  m_LocalPosition: {x: -0.046700034, y: -0.02147226, z: -0.024339402}
  m_LocalScale: {x: 1, y: 1.0000001, z: 1}
  m_Children:
  - {fileID: 4473693474381142}
  m_Father: {fileID: 4993929077674050}
  m_RootOrder: 4
  m_LocalEulerAnglesHint: {x: 0, y: 0, z: 0}
--- !u!4 &4659728104013414
Transform:
  m_ObjectHideFlags: 1
  m_PrefabParentObject: {fileID: 0}
  m_PrefabInternal: {fileID: 100100000}
  m_GameObject: {fileID: 1760281869304982}
  m_LocalRotation: {x: 0.037425853, y: 0.030259382, z: 0.50440717, w: 0.8621236}
  m_LocalPosition: {x: -0.022377256, y: 0.000000013859258, z: -0.000000025417869}
  m_LocalScale: {x: 1, y: 1, z: 1}
  m_Children:
  - {fileID: 4127800637873914}
  m_Father: {fileID: 4265674051392944}
  m_RootOrder: 0
  m_LocalEulerAnglesHint: {x: 0, y: 0, z: 0}
--- !u!4 &4671009588732854
Transform:
  m_ObjectHideFlags: 1
  m_PrefabParentObject: {fileID: 0}
  m_PrefabInternal: {fileID: 100100000}
  m_GameObject: {fileID: 1340502182764998}
  m_LocalRotation: {x: 0.0028655184, y: 0.0021520427, z: 0.4870741, w: 0.8733533}
  m_LocalPosition: {x: -0.04712932, y: 0.000000066184036, z: -0.000000009796566}
  m_LocalScale: {x: 1, y: 1, z: 1.0000001}
  m_Children:
  - {fileID: 4245062615386858}
  m_Father: {fileID: 4393040282914160}
  m_RootOrder: 0
  m_LocalEulerAnglesHint: {x: 0, y: 0, z: 0}
--- !u!4 &4724388521607794
Transform:
  m_ObjectHideFlags: 1
  m_PrefabParentObject: {fileID: 0}
  m_PrefabInternal: {fileID: 100100000}
  m_GameObject: {fileID: 1336200333442916}
  m_LocalRotation: {x: 0.012006421, y: 0.010414549, z: 0.5270892, w: 0.84966135}
  m_LocalPosition: {x: -0.031955857, y: -3.060532e-10, z: -0.000000021473715}
  m_LocalScale: {x: 1, y: 1, z: 1.0000002}
  m_Children:
  - {fileID: 4734697705487760}
  m_Father: {fileID: 4202760397786802}
  m_RootOrder: 0
  m_LocalEulerAnglesHint: {x: 0, y: 0, z: 0}
--- !u!4 &4734697705487760
Transform:
  m_ObjectHideFlags: 1
  m_PrefabParentObject: {fileID: 0}
  m_PrefabInternal: {fileID: 100100000}
  m_GameObject: {fileID: 1176634430245530}
  m_LocalRotation: {x: 0, y: -0, z: -0, w: 1}
  m_LocalPosition: {x: -0.04931289, y: -0.000000092698116, z: 0.0000000034696233}
  m_LocalScale: {x: 1, y: 1, z: 1.0000001}
  m_Children: []
  m_Father: {fileID: 4724388521607794}
  m_RootOrder: 0
  m_LocalEulerAnglesHint: {x: 0, y: 0, z: 0}
--- !u!4 &4778406290750984
Transform:
  m_ObjectHideFlags: 1
  m_PrefabParentObject: {fileID: 0}
  m_PrefabInternal: {fileID: 100100000}
  m_GameObject: {fileID: 1577344907319970}
  m_LocalRotation: {x: -0.08298267, y: -0.004212672, z: -0.5382486, w: 0.83868027}
  m_LocalPosition: {x: -0.690715, y: 0.000000025764558, z: 0.00000005807958}
  m_LocalScale: {x: 1, y: 1, z: 0.9999999}
  m_Children:
  - {fileID: 4396192367324944}
  m_Father: {fileID: 4835707097503088}
  m_RootOrder: 0
  m_LocalEulerAnglesHint: {x: 0, y: 0, z: 0}
--- !u!4 &4800463377977952
Transform:
  m_ObjectHideFlags: 1
  m_PrefabParentObject: {fileID: 0}
  m_PrefabInternal: {fileID: 100100000}
  m_GameObject: {fileID: 1158945395504952}
  m_LocalRotation: {x: -0.043136586, y: -0.13466497, z: -0.031244861, w: 0.9894586}
  m_LocalPosition: {x: -0.055426557, y: -0.000000095435034, z: 0.000000021727756}
  m_LocalScale: {x: 1.0000006, y: 1.0000006, z: 1.0000006}
  m_Children:
  - {fileID: 4341971432117228}
  m_Father: {fileID: 4881218069732152}
  m_RootOrder: 0
  m_LocalEulerAnglesHint: {x: 0, y: 0, z: 0}
--- !u!4 &4831309849849626
Transform:
  m_ObjectHideFlags: 1
  m_PrefabParentObject: {fileID: 0}
  m_PrefabInternal: {fileID: 100100000}
  m_GameObject: {fileID: 1104516215116304}
  m_LocalRotation: {x: 0.000094886396, y: 0.015032628, z: -0.037644986, w: 0.9991781}
  m_LocalPosition: {x: -0.49276394, y: -0.00000013376675, z: 0.00000008666754}
  m_LocalScale: {x: 0.99999994, y: 0.99999994, z: 0.99999994}
  m_Children:
  - {fileID: 4041336977598406}
  m_Father: {fileID: 4342925889086612}
  m_RootOrder: 0
  m_LocalEulerAnglesHint: {x: 0, y: 0, z: 0}
--- !u!4 &4835707097503088
Transform:
  m_ObjectHideFlags: 1
  m_PrefabParentObject: {fileID: 0}
  m_PrefabInternal: {fileID: 100100000}
  m_GameObject: {fileID: 1302109275321522}
  m_LocalRotation: {x: 0.00030856073, y: 0.0072693173, z: 0.04129306, w: 0.9991206}
  m_LocalPosition: {x: -0.64526826, y: 0.00000005195291, z: -0.000000015596434}
  m_LocalScale: {x: 1.0000001, y: 1.0000001, z: 1.0000001}
  m_Children:
  - {fileID: 4778406290750984}
  m_Father: {fileID: 4313107660175172}
  m_RootOrder: 0
  m_LocalEulerAnglesHint: {x: 0, y: 0, z: 0}
--- !u!4 &4881218069732152
Transform:
  m_ObjectHideFlags: 1
  m_PrefabParentObject: {fileID: 0}
  m_PrefabInternal: {fileID: 100100000}
  m_GameObject: {fileID: 1390149221553666}
  m_LocalRotation: {x: 0.0876712, y: 0.08250123, z: 0.3279858, w: 0.9369806}
  m_LocalPosition: {x: -0.046699036, y: -0.021471977, z: 0.024339536}
  m_LocalScale: {x: 1.0000001, y: 1.0000002, z: 1.0000004}
  m_Children:
  - {fileID: 4800463377977952}
  m_Father: {fileID: 4041336977598406}
  m_RootOrder: 4
  m_LocalEulerAnglesHint: {x: 0, y: 0, z: 0}
--- !u!4 &4887830904861688
Transform:
  m_ObjectHideFlags: 1
  m_PrefabParentObject: {fileID: 0}
  m_PrefabInternal: {fileID: 100100000}
  m_GameObject: {fileID: 1994137063867774}
  m_LocalRotation: {x: 0.08298176, y: 0.0042113247, z: -0.5382458, w: 0.8386822}
  m_LocalPosition: {x: -0.6907141, y: 0.000000036091798, z: -0.000000081478625}
  m_LocalScale: {x: 1, y: 0.9999999, z: 1}
  m_Children:
  - {fileID: 4273627859344332}
  m_Father: {fileID: 4383908635239870}
  m_RootOrder: 0
  m_LocalEulerAnglesHint: {x: 0, y: 0, z: 0}
--- !u!4 &4940384459862418
Transform:
  m_ObjectHideFlags: 1
  m_PrefabParentObject: {fileID: 0}
  m_PrefabInternal: {fileID: 100100000}
  m_GameObject: {fileID: 1559490643096702}
  m_LocalRotation: {x: -0.00009487843, y: -0.015032905, z: -0.037645813, w: 0.9991781}
  m_LocalPosition: {x: -0.4927645, y: 0.00000039448378, z: 0.00000042296176}
  m_LocalScale: {x: 1, y: 1.0000001, z: 1}
  m_Children:
  - {fileID: 4993929077674050}
  m_Father: {fileID: 4504499978618588}
  m_RootOrder: 0
  m_LocalEulerAnglesHint: {x: 0, y: 0, z: 0}
--- !u!4 &4986917108181090
Transform:
  m_ObjectHideFlags: 1
  m_PrefabParentObject: {fileID: 0}
  m_PrefabInternal: {fileID: 100100000}
  m_GameObject: {fileID: 1044009501277754}
  m_LocalRotation: {x: 0, y: -0, z: -0, w: 1}
  m_LocalPosition: {x: -0.048521653, y: -0.00000003150586, z: 0.000000038997882}
  m_LocalScale: {x: 1.0000001, y: 1, z: 0.99999994}
  m_Children: []
  m_Father: {fileID: 4309527148763360}
  m_RootOrder: 0
  m_LocalEulerAnglesHint: {x: 0, y: 0, z: 0}
--- !u!4 &4993929077674050
Transform:
  m_ObjectHideFlags: 1
  m_PrefabParentObject: {fileID: 0}
  m_PrefabInternal: {fileID: 100100000}
  m_GameObject: {fileID: 1727799931833738}
  m_LocalRotation: {x: 0, y: -0, z: -0, w: 1}
  m_LocalPosition: {x: -0.42191863, y: 0.00000020178355, z: -0.000000028129545}
  m_LocalScale: {x: 1, y: 1.0000001, z: 1}
  m_Children:
  - {fileID: 4289531085545504}
  - {fileID: 4557787686868822}
  - {fileID: 4443771186376324}
  - {fileID: 4997691780792372}
  - {fileID: 4655071521437528}
  - {fileID: 4249870885820354}
  m_Father: {fileID: 4940384459862418}
  m_RootOrder: 0
  m_LocalEulerAnglesHint: {x: 0, y: 0, z: 0}
--- !u!4 &4997691780792372
Transform:
  m_ObjectHideFlags: 1
  m_PrefabParentObject: {fileID: 0}
  m_PrefabInternal: {fileID: 100100000}
  m_GameObject: {fileID: 1964201471034496}
  m_LocalRotation: {x: 0.1267023, y: 0.1331508, z: 0.69958884, w: 0.6905019}
  m_LocalPosition: {x: -0.1274476, y: -0.015595165, z: 0.058388848}
  m_LocalScale: {x: 0.99999994, y: 1.0000001, z: 1}
  m_Children:
  - {fileID: 4399536730079792}
  m_Father: {fileID: 4993929077674050}
  m_RootOrder: 3
  m_LocalEulerAnglesHint: {x: 0, y: 0, z: 0}
--- !u!95 &95499091930465472
Animator:
  serializedVersion: 3
  m_ObjectHideFlags: 1
  m_PrefabParentObject: {fileID: 0}
  m_PrefabInternal: {fileID: 100100000}
  m_GameObject: {fileID: 1261900646360862}
  m_Enabled: 1
  m_Avatar: {fileID: 9000000, guid: 9997531835b451e408002cfd471fecba, type: 3}
  m_Controller: {fileID: 9100000, guid: 4442c5ec6ab4b734e8ec491be0c8f668, type: 2}
  m_CullingMode: 1
  m_UpdateMode: 0
  m_ApplyRootMotion: 1
  m_LinearVelocityBlending: 0
  m_WarningMessage: 
  m_HasTransformHierarchy: 1
  m_AllowConstantClipSamplingOptimization: 1
--- !u!137 &137320475950094686
SkinnedMeshRenderer:
  m_ObjectHideFlags: 1
  m_PrefabParentObject: {fileID: 0}
  m_PrefabInternal: {fileID: 100100000}
  m_GameObject: {fileID: 1761910807131470}
  m_Enabled: 1
  m_CastShadows: 1
  m_ReceiveShadows: 1
  m_DynamicOccludee: 1
  m_MotionVectors: 1
  m_LightProbeUsage: 1
  m_ReflectionProbeUsage: 1
  m_Materials:
  - {fileID: 2100000, guid: 53d33b0cb0544b54db0c3022504bce55, type: 2}
  m_StaticBatchInfo:
    firstSubMesh: 0
    subMeshCount: 0
  m_StaticBatchRoot: {fileID: 0}
  m_ProbeAnchor: {fileID: 0}
  m_LightProbeVolumeOverride: {fileID: 0}
  m_ScaleInLightmap: 1
  m_PreserveUVs: 0
  m_IgnoreNormalsForChartDetection: 0
  m_ImportantGI: 0
  m_StitchLightmapSeams: 0
  m_SelectedEditorRenderState: 3
  m_MinimumChartSize: 4
  m_AutoUVMaxDistance: 0.5
  m_AutoUVMaxAngle: 89
  m_LightmapParameters: {fileID: 0}
  m_SortingLayerID: 0
  m_SortingLayer: 0
  m_SortingOrder: 0
  serializedVersion: 2
  m_Quality: 0
  m_UpdateWhenOffscreen: 0
  m_SkinnedMotionVectors: 1
  m_Mesh: {fileID: 4300000, guid: 9997531835b451e408002cfd471fecba, type: 3}
  m_Bones:
  - {fileID: 4190109497997352}
  - {fileID: 4500878652117766}
  - {fileID: 4626931202781430}
  - {fileID: 4464488570379850}
  - {fileID: 4159346804743080}
  - {fileID: 4007733033461370}
  - {fileID: 4515266540771320}
  - {fileID: 4342925889086612}
  - {fileID: 4831309849849626}
  - {fileID: 4041336977598406}
  - {fileID: 4881218069732152}
  - {fileID: 4800463377977952}
  - {fileID: 4341971432117228}
  - {fileID: 4393040282914160}
  - {fileID: 4671009588732854}
  - {fileID: 4245062615386858}
  - {fileID: 4027804417505258}
  - {fileID: 4529999121804578}
  - {fileID: 4297559628094798}
  - {fileID: 4202760397786802}
  - {fileID: 4724388521607794}
  - {fileID: 4734697705487760}
  - {fileID: 4265674051392944}
  - {fileID: 4659728104013414}
  - {fileID: 4127800637873914}
  - {fileID: 4630889188756972}
  - {fileID: 4504499978618588}
  - {fileID: 4940384459862418}
  - {fileID: 4993929077674050}
  - {fileID: 4655071521437528}
  - {fileID: 4473693474381142}
  - {fileID: 4403092455717936}
  - {fileID: 4289531085545504}
  - {fileID: 4371844466801368}
  - {fileID: 4375449742258930}
  - {fileID: 4443771186376324}
  - {fileID: 4309527148763360}
  - {fileID: 4986917108181090}
  - {fileID: 4997691780792372}
  - {fileID: 4399536730079792}
  - {fileID: 4398109766315302}
  - {fileID: 4557787686868822}
  - {fileID: 4053603635957246}
  - {fileID: 4002162404909120}
  - {fileID: 4313107660175172}
  - {fileID: 4835707097503088}
  - {fileID: 4778406290750984}
  - {fileID: 4396192367324944}
  - {fileID: 4206105750786894}
  - {fileID: 4136050085017718}
  - {fileID: 4383908635239870}
  - {fileID: 4887830904861688}
  - {fileID: 4273627859344332}
  - {fileID: 4207993764916050}
  m_BlendShapeWeights: []
  m_RootBone: {fileID: 4190109497997352}
  m_AABB:
    m_Center: {x: 0.24210823, y: 0.012182578, z: -0.0032981634}
    m_Extent: {x: 1.4266727, y: 0.3473199, z: 1.3496159}
  m_DirtyAABB: 0
